@article{love2014,
	title = {Moderated estimation of fold change and dispersion for RNA-seq data with DESeq2},
	author = {Love, Michael I and Huber, Wolfgang and Anders, Simon},
	year = {2014},
	month = {12},
	date = {2014-12-05},
	journal = {Genome Biology},
	volume = {15},
	number = {12},
	doi = {10.1186/s13059-014-0550-8},
	url = {http://dx.doi.org/10.1186/s13059-014-0550-8},
	langid = {en}
}

@manual{rproject,
    title = {R: A Language and Environment for Statistical Computing},
    author = {{R Core Team}},
    organization = {R Foundation for Statistical Computing},
    address = {Vienna, Austria},
    year = {2024},
    url = {https://www.R-project.org/}
}

@manual{RStudio,
    title = {RStudio: Integrated Development Environment for R},
    author = {{Posit team}},
    organization = {Posit Software, PBC},
    address = {Boston, MA},
    year = {2023},
    url = {http://www.posit.co/}
}

@manual{bioconductor,
    title = {BiocVersion: Set the appropriate version of Bioconductor packages},
    author = {Martin Morgan},
    year = {2024},
    note = {R package version 3.19.1},
    url = {https://bioconductor.org/packages/BiocVersion},
    doi = {10.18129/B9.bioc.BiocVersion}
}  

@article{deseq,
    title = {Moderated estimation of fold change and dispersion for RNA-seq data with DESeq2},
    author = {Michael I. Love and Wolfgang Huber and Simon Anders},
    year = {2014},
    journal = {Genome Biology},
    doi = {10.1186/s13059-014-0550-8},
    volume = {15},
    issue = {12},
    pages = {550}
}
  
@manual{isomiRs,
    title = {isomiRs: Analyze isomiRs and miRNAs from small RNA-seq},
    author = {Lorena Pantano and Georgia Escaramis},
    year = {2024},
    note = {R package version 1.32.1},
    url = {https://bioconductor.org/packages/isomiRs},
    doi = {10.18129/B9.bioc.isomiRs}
}

@article{multiMiR,
    title = {The multiMiR R package and database: integration of microRNA target interactions along with their disease and drug associations},
    author = {Yuanbin Ru and Katerina J. Kechris and Boris Tabakoff and Paula Hoffman and Richard A. Radcliffe and Russell Bowler and Spencer Mahaffey and Simona Rossi and George A. Calin and Lynne Bemis and Dan Theodorescu},
    journal = {Nucleic Acids Research},
    volume = {42},
    number = {17},
    pages = {e133},
    year = {2014},
    doi = {10.1093/nar/gku631},
    url = {http://dx.doi.org/10.1093/nar/gku631}
}

@manual{microRNAtarget,
    title = {multiMiR: Integration of multiple microRNA-target databases with their disease and drug associations},
    author = {Yuanbin Ru and Matt Mulvahill and Spencer Mahaffey and Katerina Kechris},
    url = {https://github.com/KechrisLab/multiMiR}
}

@article{clusterProfiler,
    title = {Using clusterProfiler to characterize multiomics data},
    author = {Shuangbin Xu and Erqiang Hu and Yantong Cai and Zijing Xie and Xiao Luo and Li Zhan and Wenli Tang and Qianwen Wang and Bingdong Liu and Rui Wang and Wenqin Xie and Tianzhi Wu and Liwei Xie and Guangchuang Yu},
    issn = {1750-2799},
    url = {https://www.nature.com/articles/s41596-024-01020-z},
    doi = {10.1038/s41596-024-01020-z},
    journal = {Nature Protocols},
    month = {Jul},
    year = {2024}
}

@manual{org,
    title = {org.Hs.eg.db: Genome wide annotation for Human},
    author = {Marc Carlson},
    year = {2024},
    note = {R package version 3.19.1}
}

@book{alexanderpeltzer2024,
    title = {nf-core/smrnaseq: v2.4.0 - 2024-10-14 - Gray Zinc Dalmation Patch},
    author = {Alexander Peltzer and Anabella Trigila and Lorena Pantano and Phil Ewels and Chuan Wang and Jose Espinosa-Carrasco and Nicolas Schcolnicov and Christopher Mohr and nf-core bot and Kevin Menden and Harshil Patel and Gregor Sturm and CKComputomics and Lluc Cabus and Kevin L. Keys and Sebastien Guizard and Maxime U Garcia and Robert Syme and Adam Talbot and Erik Danielsson and Konrad Stawiski MD PhD and Sarah Djebali and Rickard Hammaren and Alex Bartlett and fhausmann and Miles and Denis OMeally and Anders Jemt and Witold Bauer and Paolo Di Tommaso},
    year = {2024},
    publisher = {Zenodo},
    doi = {10.5281/ZENODO.3456879},
    url = {https://zenodo.org/doi/10.5281/zenodo.3456879}
}

@misc{andrews2010fastqc,
  title={FastQC: a quality control tool for high throughput sequence data},
  author={Andrews, Simon and others},
  year={2010},
  publisher={Cambridge, United Kingdom}
}

@article{chen2018fastp,
  title={fastp: an ultra-fast all-in-one FASTQ preprocessor},
  author={Chen, Shifu and Zhou, Yanqing and Chen, Yaru and Gu, Jia},
  journal={Bioinformatics},
  volume={34},
  number={17},
  pages={i884--i890},
  year={2018},
  publisher={Oxford University Press}
}

@article{kang2018mirtrace,
  title={miRTrace reveals the organismal origins of microRNA sequencing data},
  author={Kang, Wenjing and Eldfjell, Yrin and Fromm, Bastian and Estivill, Xavier and Biryukova, Inna and Friedl{\"a}nder, Marc R},
  journal={Genome biology},
  volume={19},
  pages={1--15},
  year={2018},
  publisher={Springer}
}

@article{langmead2012fast,
  title={Fast gapped-read alignment with Bowtie 2},
  author={Langmead, Ben and Salzberg, Steven L},
  journal={Nature methods},
  volume={9},
  number={4},
  pages={357--359},
  year={2012},
  publisher={Nature Publishing Group US New York}
}
@article{langmead2009ultrafast,
  title={Ultrafast and memory-efficient alignment of short DNA sequences to the human genome},
  author={Langmead, Ben and Trapnell, Cole and Pop, Mihai and Salzberg, Steven L},
  journal={Genome biology},
  volume={10},
  pages={1--10},
  year={2009},
  publisher={Springer}
}

@Article{edgeR,
    author = {Yunshun Chen and Lizhong Chen and Aaron T L Lun and Pedro Baldoni and Gordon K Smyth},
    title = {edgeR 4.0: powerful differential analysis of sequencing data with expanded functionality and improved support for small counts and larger datasets},
    year = {2024},
    journal = {bioRxiv},
    doi = {10.1101/2024.01.21.576131},
  }

@article{desvignes2020unification,
  title={Unification of miRNA and isomiR research: the mirGFF3 format and the mirtop API},
  author={Desvignes, Thomas and Loher, Phillipe and Eilbeck, Karen and Ma, Jeffery and Urgese, Gianvito and Fromm, Bastian and Sydes, Jason and Aparicio-Puerta, Ernesto and Barrera, Victor and Espin, Roderic and others},
  journal={Bioinformatics},
  volume={36},
  number={3},
  pages={698--703},
  year={2020},
  publisher={Oxford University Press}
}

@article{MultiQC,
 author = {Ewels, Philip and Magnusson, Måns and Lundin, Sverker and Käller, Max},
 title = {MultiQC: summarize analysis results for multiple tools and samples in a single report},
 journal = {Bioinformatics},
 volume = {32},
 number = {19},
 pages = {3047},
 year = {2016},
 doi = {10.1093/bioinformatics/btw354},
 URL = { + http://dx.doi.org/10.1093/bioinformatics/btw354},
 eprint = {/oup/backfile/Content_public/Journal/bioinformatics/32/19/10.1093_bioinformatics_btw354/3/btw354.pdf}
}

@article{10.1093/gigascience/giab008,
    author = {Danecek, Petr and Bonfield, James K and Liddle, Jennifer and Marshall, John and Ohan, Valeriu and Pollard, Martin O and Whitwham, Andrew and Keane, Thomas and McCarthy, Shane A and Davies, Robert M and Li, Heng},
    title = "{Twelve years of SAMtools and BCFtools}",
    journal = {GigaScience},
    volume = {10},
    number = {2},
    year = {2021},
    month = {02},
    abstract = "{SAMtools and BCFtools are widely used programs for processing and analysing high-throughput sequencing data. They include tools for file format conversion and manipulation, sorting, querying, statistics, variant calling, and effect analysis amongst other methods.The first version appeared online 12 years ago and has been maintained and further developed ever since, with many new features and improvements added over the years. The SAMtools and BCFtools packages represent a unique collection of tools that have been used in numerous other software projects and countless genomic pipelines.Both SAMtools and BCFtools are freely available on GitHub under the permissive MIT licence, free for both non-commercial and commercial use. Both packages have been installed \\&gt;1 million times via Bioconda. The source code and documentation are available from https://www.htslib.org.}",
    issn = {2047-217X},
    doi = {10.1093/gigascience/giab008},
    url = {https://doi.org/10.1093/gigascience/giab008},
    note = {giab008},
    eprint = {https://academic.oup.com/gigascience/article-pdf/10/2/giab008/36332246/giab008.pdf},
}

@article{thyfault2020exercise,
  title={Exercise combats hepatic steatosis: potential mechanisms and clinical implications},
  author={Thyfault, John P and Rector, R Scott},
  journal={Diabetes},
  volume={69},
  number={4},
  pages={517-524},
  year={2020},
  publisher={Am Diabetes Assoc}
}

@article{sarwar2018obesity,
  title={Obesity and nonalcoholic fatty liver disease: current perspectives},
  author={Sarwar, Raiya and Pierce, Nicholas and Koppe, Sean},
  journal={Diabetes, metabolic syndrome and obesity: targets and therapy},
  pages={533-542},
  year={2018},
  publisher={Taylor \& Francis}
}

@article{lopez2024unraveling,
  title={Unraveling Adipose Tissue Dysfunction: Molecular Mechanisms, Novel Biomarkers, and Therapeutic Targets for Liver Fat Deposition},
  author={Lopez-Yus, Marta and H{\"o}rndler, Carlos and Borlan, Sofia and Bernal-Monterde, Vanesa and Arbones-Mainar, Jose M},
  journal={Cells},
  volume={13},
  number={5},
  pages={380},
  year={2024},
  publisher={MDPI}
}

@article{younossi2018global,
  title={Global burden of NAFLD and NASH: trends, predictions, risk factors and prevention},
  author={Younossi, Zobair and Anstee, Quentin M and Marietti, Milena and Hardy, Timothy and Henry, Linda and Eslam, Mohammed and George, Jacob and Bugianesi, Elisabetta},
  journal={Nature reviews Gastroenterology \& hepatology},
  volume={15},
  number={1},
  pages={11-20},
  year={2018},
  publisher={Nature Publishing Group UK London}
}

@article{caballeria2010prevalence,
  title={Prevalence and factors associated with the presence of nonalcoholic fatty liver disease in an adult population in Spain},
  author={Caballería, Llorenc and Pera, Guillem and Auladell, Maria Antonia and Torán, Pere and Muñoz, Laura and Miranda, Dolores and Alumá, Alba and Casas, José Dario and Sánchez, Carmen and Gil, Dolors and others},
  journal={European journal of gastroenterology \& hepatology},
  volume={22},
  number={1},
  pages={24--32},
  year={2010},
  publisher={LWW}
}

@article{younossi2019non,
  title={Non-alcoholic fatty liver disease--a global public health perspective},
  author={Younossi, Zobair M},
  journal={Journal of hepatology},
  volume={70},
  number={3},
  pages={531--544},
  year={2019},
  publisher={Elsevier}
}

@article{cinti2019anatomy,
  title={Anatomy and physiology of the nutritional system},
  author={Cinti, Saverio},
  journal={Molecular Aspects of Medicine},
  volume={68},
  pages={101--107},
  year={2019},
  publisher={Elsevier}
}

@article{jialal2018subcutaneous,
  title={Subcutaneous adipose tissue biology in metabolic syndrome},
  author={Jialal, Ishwarlal and Devaraj, Sridevi},
  journal={Hormone molecular biology and clinical investigation},
  volume={33},
  number={1},
  pages={20170074},
  year={2018},
  publisher={De Gruyter}
}

@article{abe2022comparisons,
  title={Comparisons of calorie restriction and structured exercise on reductions in visceral and abdominal subcutaneous adipose tissue: a systematic review},
  author={Abe, Takashi and Song, Jun Seob and Bell, Zachary W and Wong, Vickie and Spitz, Robert W and Yamada, Yujiro and Loenneke, Jeremy P},
  journal={European journal of clinical nutrition},
  volume={76},
  number={2},
  pages={184--195},
  year={2022},
  publisher={Nature Publishing Group UK London}
}

@article{koenen2021obesity,
  title={Obesity, adipose tissue and vascular dysfunction},
  author={Koenen, Mascha and Hill, Michael A and Cohen, Paul and Sowers, James R},
  journal={Circulation research},
  volume={128},
  number={7},
  pages={951--968},
  year={2021},
  publisher={Am Heart Assoc}
}

@article{ghesmati2024update,
  title={An update on the secretory functions of brown, white, and beige adipose tissue: Towards therapeutic applications},
  author={Ghesmati, Zeinab and Rashid, Mohsen and Fayezi, Shabnam and Gieseler, Frank and Alizadeh, Effat and Darabi, Masoud},
  journal={Reviews in Endocrine and Metabolic Disorders},
  volume={25},
  number={2},
  pages={279--308},
  year={2024},
  publisher={Springer}
}

@article{arrighetti2021mirnas,
  title={miRNAs as therapeutic tools and biomarkers for prostate cancer},
  author={Arrighetti, Noemi and Beretta, Giovanni Luca},
  journal={Pharmaceutics},
  volume={13},
  number={3},
  pages={380},
  year={2021},
  publisher={MDPI}
}

@book{santulli2015microrna,
  title={MicroRNA: basic science: from molecular biology to clinical practice},
  author={Santulli, Gaetano},
  volume={887},
  year={2015},
  publisher={Springer}
}

@article{zwick2018anatomical,
  title={Anatomical, physiological, and functional diversity of adipose tissue},
  author={Zwick, Rachel K and Guerrero-Juarez, Christian F and Horsley, Valerie and Plikus, Maksim V},
  journal={Cell metabolism},
  volume={27},
  number={1},
  pages={68--83},
  year={2018},
  publisher={Elsevier}
}

@article{wronska2012structural,
  title={Structural and biochemical characteristics of various white adipose tissue depots},
  author={Wronska, Agata and Kmiec, ZJAP},
  journal={Acta physiologica},
  volume={205},
  number={2},
  pages={194--208},
  year={2012},
  publisher={Wiley Online Library}
}
@article{ibrahim2010subcutaneous,
  title={Subcutaneous and visceral adipose tissue: structural and functional differences},
  author={Ibrahim, M Mohsen},
  journal={Obesity reviews},
  volume={11},
  number={1},
  pages={11--18},
  year={2010},
  publisher={Wiley Online Library}
}

@article{nu15183968,
  AUTHOR = {Palacios-Marin, Ivonne and Serra, Dolors and Jimenez-Chillarón, Josep and Herrero, Laura and Todorčević, Marijana},
  TITLE = {Adipose Tissue Dynamics: Cellular and Lipid Turnover in Health and Disease},
  JOURNAL = {Nutrients},
  VOLUME = {15},
  YEAR = {2023},
  NUMBER = {18},
  ARTICLE-NUMBER = {3968},
  URL = {https://www.mdpi.com/2072-6643/15/18/3968},
  PubMedID = {37764752},
  ISSN = {2072-6643},
  ABSTRACT = {The alarming increase in obesity and its related metabolic health complications, such as type 2 diabetes, has evolved into a global pandemic. Obesity is mainly characterized by excessive accumulation of adipose tissue, primarily due to an imbalance between energy intake and expenditure. Prolonged positive energy balance leads to the expansion of existing adipocytes (hypertrophy) and/or an increase in preadipocyte and adipocyte number (hyperplasia) to accommodate excess energy intake. However, obesity is not solely defined by increases in adipocyte size and number. The turnover of adipose tissue cells also plays a crucial role in the development and progression of obesity. Cell turnover encompasses the processes of cell proliferation, differentiation, and apoptosis, which collectively regulate the overall cell population within adipose tissue. Lipid turnover represents another critical factor that influences how adipose tissue stores and releases energy. Our understanding of adipose tissue lipid turnover in humans remains limited due to the slow rate of turnover and methodological constraints. Nonetheless, disturbances in lipid metabolism are strongly associated with altered adipose tissue lipid turnover. In obesity, there is a decreased rate of triglyceride removal (lipolysis followed by oxidation), leading to the accumulation of triglycerides over time. This review provides a comprehensive summary of findings from both in vitro and in vivo methods used to study the turnover of adipose cells and lipids in metabolic health and disease. Understanding the mechanisms underlying cellular and lipid turnover in obesity is essential for developing strategies to mitigate the adverse effects of excess adiposity.},
  DOI = {10.3390/nu15183968}
}

@article{rosen2014we,
  title={What we talk about when we talk about fat},
  author={Rosen, Evan D and Spiegelman, Bruce M},
  journal={Cell},
  volume={156},
  number={1},
  pages={20--44},
  year={2014},
  publisher={Elsevier}
}

@article{passaro2017gene,
  title={Gene expression regional differences in human subcutaneous adipose tissue},
  author={Passaro, Angelina and Miselli, Maria Agata and Sanz, Juana Maria and Dalla Nora, Edoardo and Morieri, Mario Luca and Colonna, Rossella and Pi{\v{s}}ot, Rado and Zuliani, Giovanni},
  journal={BMC genomics},
  volume={18},
  pages={1--11},
  year={2017},
  publisher={Springer}
}

@article{kwok2016heterogeneity,
  title={Heterogeneity of white adipose tissue: molecular basis and clinical implications},
  author={Kwok, Kelvin HM and Lam, Karen SL and Xu, Aimin},
  journal={Experimental \& molecular medicine},
  volume={48},
  number={3},
  pages={e215--e215},
  year={2016},
  publisher={Nature Publishing Group}
}
@article{ipsen2018molecular,
  title={Molecular mechanisms of hepatic lipid accumulation in non-alcoholic fatty liver disease},
  author={Ipsen, David Hojland and Lykkesfeldt, Jens and Tveden-Nyborg, Pernille},
  journal={Cellular and molecular life sciences},
  volume={75},
  pages={3313--3327},
  year={2018},
  publisher={Springer}
}

@article{chan2023metabolic,
  title={Metabolic dysfunction-associated steatotic liver disease (MASLD): a state-of-the-art review},
  author={Chan, Wah-Kheong and Chuah, Kee-Huat and Rajaram, Ruveena Bhavani and Lim, Lee-Ling and Ratnasingam, Jeyakantha and Vethakkan, Shireene Ratna},
  journal={Journal of Obesity \& Metabolic Syndrome},
  volume={32},
  number={3},
  pages={197},
  year={2023},
  publisher={Korean Society for the Study of Obesity}
}

@inproceedings{idilman2016hepatic,
  title={Hepatic steatosis: etiology, patterns, and quantification},
  author={Idilman, Ilkay S and Ozdeniz, Ilknur and Karcaaltincaba, Musturay},
  booktitle={Seminars in Ultrasound, CT and MRI},
  volume={37},
  number={6},
  pages={501--510},
  year={2016},
  organization={Elsevier}
}

@article{nassir2015pathogenesis,
  title={Pathogenesis and prevention of hepatic steatosis},
  author={Nassir, Fatiha and Rector, R Scott and Hammoud, Ghassan M and Ibdah, Jamal A},
  journal={Gastroenterology \& hepatology},
  volume={11},
  number={3},
  pages={167},
  year={2015},
  publisher={Millenium Medical Publishing}
}

@article{angulo2007obesity,
  title={Obesity and nonalcoholic fatty liver disease},
  author={Angulo, Paul},
  journal={Nutrition reviews},
  volume={65},
  number={suppl\_1},
  pages={S57--S63},
  year={2007},
  publisher={Oxford University Press Oxford, UK}
}

@article{malnick2022fatty,
  title={Fatty liver disease-alcoholic and non-alcoholic: similar but different},
  author={Malnick, Stephen DH and Alin, Pavel and Somin, Marina and Neuman, Manuela G},
  journal={International Journal of Molecular Sciences},
  volume={23},
  number={24},
  pages={16226},
  year={2022},
  publisher={MDPI}
}

@article{wong2024epidemiology,
  title={Epidemiology of metabolic dysfunction-associated steatotic liver disease (MASLD) and alcohol-related liver disease (ALD)},
  author={Wong, Robert J},
  journal={Metabolism and Target Organ Damage},
  volume={4},
  number={4},
  pages={N--A},
  year={2024},
  publisher={OAE Publishing Inc.}
}

@article{mary2024multisociety,
  title={A multisociety Delphi consensus statement on new fatty liver disease nomenclature},
  author={Mary, ER and Jeffrey, VL and Ratziu, V and Sven, MF and Arun, JS and Kanwal, F and Romero, D and Manal, FA and Quentin, MA and Arab, Juan Pablo and others},
  journal={Annals of Hepatology},
  volume={29},
  number={1},
  pages={1--15},
  year={2024},
  publisher={Elsevier}
}

@article{ma2024review,
  title={A review of MASLD-related hepatocellular carcinoma: progress in pathogenesis, early detection, and therapeutic interventions},
  author={Ma, Yang and Wang, Jinguo and Xiao, Wenping and Fan, Xiaoming},
  journal={Frontiers in Medicine},
  volume={11},
  pages={1410668},
  year={2024},
  publisher={Frontiers Media SA}
}

@article{miao2024current,
  title={Current status and future trends of the global burden of MASLD},
  author={Miao, Lei and Targher, Giovanni and Byrne, Christopher D and Cao, Ying-Ying and Zheng, Ming-Hua},
  journal={Trends in Endocrinology \& Metabolism},
  year={2024},
  publisher={Elsevier}
}

@article{younossi2016global,
  title={Global epidemiology of nonalcoholic fatty liver disease—meta-analytic assessment of prevalence, incidence, and outcomes},
  author={Younossi, Zobair M and Koenig, Aaron B and Abdelatif, Dinan and Fazel, Yousef and Henry, Linda and Wymer, Mark},
  journal={Hepatology},
  volume={64},
  number={1},
  pages={73--84},
  year={2016},
  publisher={LWW}
}

@article{paik2023burden,
  title={The burden of nonalcoholic fatty liver disease (NAFLD) is rapidly growing in every region of the world from 1990 to 2019},
  author={Paik, James M and Henry, Linda and Younossi, Youssef and Ong, Janus and Alqahtani, Saleh and Younossi, Zobair M},
  journal={Hepatology communications},
  volume={7},
  number={10},
  pages={e0251},
  year={2023},
  publisher={LWW}
}

@article{younossi2023global,
  title={The global epidemiology of nonalcoholic fatty liver disease (NAFLD) and nonalcoholic steatohepatitis (NASH): a systematic review},
  author={Younossi, Zobair M and Golabi, Pegah and Paik, James M and Henry, Austin and Van Dongen, Catherine and Henry, Linda},
  journal={Hepatology},
  volume={77},
  number={4},
  pages={1335--1347},
  year={2023},
  publisher={LWW}
}

@article{younossi2019global,
  title={The global epidemiology of NAFLD and NASH in patients with type 2 diabetes: a systematic review and meta-analysis},
  author={Younossi, Zobair M and Golabi, Pegah and de Avila, Leyla and Paik, James Minhui and Srishord, Manirath and Fukui, Natsu and Qiu, Ying and Burns, Leah and Afendy, Arian and Nader, Fatema},
  journal={Journal of hepatology},
  volume={71},
  number={4},
  pages={793--801},
  year={2019},
  publisher={Elsevier}
}

@article{cinti2007adipose,
  title={The adipose organ},
  author={Cinti, Saverio},
  journal={Adipose tissue and adipokines in health and disease},
  pages={3--19},
  year={2007},
  publisher={Springer}
}

@article{kwok2016heterogeneity,
  title={Heterogeneity of white adipose tissue: molecular basis and clinical implications},
  author={Kwok, Kelvin HM and Lam, Karen SL and Xu, Aimin},
  journal={Experimental \& molecular medicine},
  volume={48},
  number={3},
  pages={e215--e215},
  year={2016},
  publisher={Nature Publishing Group}
}

@article{kershaw2004adipose,
  title={Adipose tissue as an endocrine organ},
  author={Kershaw, Erin E and Flier, Jeffrey S},
  journal={The Journal of Clinical Endocrinology \& Metabolism},
  volume={89},
  number={6},
  pages={2548--2556},
  year={2004},
  publisher={Oxford University Press}
}
@article{cinti2007adipose,
  title={The adipose organ},
  author={Cinti, Saverio},
  journal={Adipose tissue and adipokines in health and disease},
  pages={3--19},
  year={2007},
  publisher={Springer}
}

@article{rosen2014we,
  title={What we talk about when we talk about fat},
  author={Rosen, Evan D and Spiegelman, Bruce M},
  journal={Cell},
  volume={156},
  number={1},
  pages={20--44},
  year={2014},
  publisher={Elsevier}
}

@article{gesta2017white,
  title={White adipose tissue},
  author={Gesta, Stephane and Kahn, C Ronald},
  journal={Adipose tissue biology},
  pages={149--199},
  year={2017},
  publisher={Springer}
}

@article{saponaro2015subtle,
  title={The subtle balance between lipolysis and lipogenesis: a critical point in metabolic homeostasis},
  author={Saponaro, Chiara and Gaggini, Melania and Carli, Fabrizia and Gastaldelli, Amalia},
  journal={Nutrients},
  volume={7},
  number={11},
  pages={9453--9474},
  year={2015},
  publisher={MDPI}
}

@article{mcquaid2010femoral,
  title={Femoral adipose tissue may accumulate the fat that has been recycled as VLDL and nonesterified fatty acids},
  author={McQuaid, Siobh{\'a}n E and Humphreys, Sandy M and Hodson, Leanne and Fielding, Barbara A and Karpe, Fredrik and Frayn, Keith N},
  journal={Diabetes},
  volume={59},
  number={10},
  pages={2465--2473},
  year={2010},
  publisher={Am Diabetes Assoc}
}

@article{scherer2006adipose,
  title={Adipose tissue: from lipid storage compartment to endocrine organ},
  author={Scherer, Philipp E},
  journal={Diabetes},
  volume={55},
  number={6},
  pages={1537--1545},
  year={2006},
  publisher={Am Diabetes Assoc}
}

@article{carpentier2021100th,
  title={100th anniversary of the discovery of insulin perspective: insulin and adipose tissue fatty acid metabolism},
  author={Carpentier, Andr{\'e} C},
  journal={American Journal of Physiology-Endocrinology and Metabolism},
  volume={320},
  number={4},
  pages={E653--E670},
  year={2021},
  publisher={American Physiological Society Rockville, MD}
}

@article{grabner2021lipolysis,
  title={Lipolysis: cellular mechanisms for lipid mobilization from fat stores},
  author={Grabner, Gernot F and Xie, Hao and Schweiger, Martina and Zechner, Rudolf},
  journal={Nature metabolism},
  volume={3},
  number={11},
  pages={1445--1465},
  year={2021},
  publisher={Nature Publishing Group UK London}
}

@article{song2018regulation,
  title={Regulation and metabolic significance of de novo lipogenesis in adipose tissues},
  author={Song, Ziyi and Xiaoli, Alus M and Yang, Fajun},
  journal={Nutrients},
  volume={10},
  number={10},
  pages={1383},
  year={2018},
  publisher={MDPI}
}

@article{duncan2007regulation,
  title={Regulation of lipolysis in adipocytes},
  author={Duncan, Robin E and Ahmadian, Maryam and Jaworski, Kathy and Sarkadi-Nagy, Eszter and Sul, Hei Sook},
  journal={Annu. Rev. Nutr.},
  volume={27},
  number={1},
  pages={79--101},
  year={2007},
  publisher={Annual Reviews}
}

@article{scheja2019endocrine,
  title={The endocrine function of adipose tissues in health and cardiometabolic disease},
  author={Scheja, Ludger and Heeren, Joerg},
  journal={Nature reviews endocrinology},
  volume={15},
  number={9},
  pages={507--524},
  year={2019},
  publisher={Nature Publishing Group UK London}
}

@misc{friedman2019leptin,
  title={Leptin and the endocrine control of energy balance. Nat. Metab. 1, 754--764},
  author={Friedman, JM},
  year={2019}
}

@article{al2022role,
  title={Role of inflammatory cytokines, growth factors and adipokines in adipogenesis and insulin resistance},
  author={Al-Mansoori, Layla and Al-Jaber, Hend and Prince, Mohammad Shoaib and Elrayess, Mohamed A},
  journal={Inflammation},
  pages={1--14},
  year={2022},
  publisher={Springer}
}

@article{karbowska2006role,
  title={Role of adiponectin in the regulation of carbohydrate and lipid metabolism},
  author={Karbowska, J and Kochan, Z},
  journal={Journal of Physiology and Pharmacology},
  volume={57},
  pages={103},
  year={2006},
  publisher={Polish Physiological Society}
}

@article{torres2015fat,
  title={The FAT expandability (FATe) project: biomarkers to determine the limit of expansion and the complications of obesity},
  author={Torres-Perez, Elena and Valero, Monica and Garcia-Rodriguez, Beatriz and Gonzalez-Irazabal, Yolanda and Calmarza, Pilar and Calvo-Ruata, Luisa and Ortega, Carmen and Garcia-Sobreviela, Maria Pilar and Sanz-Paris, Alejandro and Artigas, Jose Maria and others},
  journal={Cardiovascular Diabetology},
  volume={14},
  pages={1--8},
  year={2015},
  publisher={Springer}
}

@article{tidyverse,
    title = {Welcome to the {tidyverse}},
    author = {Hadley Wickham and Mara Averick and Jennifer Bryan and Winston Chang and Lucy D'Agostino McGowan and Romain François and Garrett Grolemund and Alex Hayes and Lionel Henry and Jim Hester and Max Kuhn and Thomas Lin Pedersen and Evan Miller and Stephan Milton Bache and Kirill Müller and Jeroen Ooms and David Robinson and Dana Paige Seidel and Vitalie Spinu and Kohske Takahashi and Davis Vaughan and Claus Wilke and Kara Woo and Hiroaki Yutani},
    year = {2019},
    journal = {Journal of Open Source Software},
    volume = {4},
    number = {43},
    pages = {1686},
    doi = {10.21105/joss.01686},
  }

@article{love2014moderated,
  title={Moderated estimation of fold change and dispersion for RNA-seq data with DESeq2},
  author={Love, Michael I and Huber, Wolfgang and Anders, Simon},
  journal={Genome biology},
  volume={15},
  pages={1--21},
  year={2014},
  publisher={Springer}
}

@Manual{KEGG,
    title = {KEGGREST: Client-side REST access to the Kyoto Encyclopedia of Genes and
Genomes (KEGG)},
    author = {Dan Tenenbaum and Bioconductor Package Maintainer},
    year = {2024},
    note = {R package version 1.44.1},
    url = {https://bioconductor.org/packages/KEGGREST},
    doi = {10.18129/B9.bioc.KEGGREST},
}

@article{rao2013improvement,
  title={An improvement of the 2ˆ (--delta delta CT) method for quantitative real-time polymerase chain reaction data analysis},
  author={Rao, Xiayu and Huang, Xuelin and Zhou, Zhicheng and Lin, Xin},
  journal={Biostatistics, bioinformatics and biomathematics},
  volume={3},
  number={3},
  pages={71},
  year={2013},
  publisher={NIH Public Access}
}
@article{gomez2007human,
  title={A human hepatocellular in vitro model to investigate steatosis},
  author={Gómez-Lechón, María José and Donato, María Teresa and Martínez-Romero, Alicia and Jiménez, Nuria and Castell, José Vicente and O’Connor, José-Enrique},
  journal={Chemico-biological interactions},
  volume={165},
  number={2},
  pages={106--116},
  year={2007},
  publisher={Elsevier}
}

@article{belfort2006placebo,
  title={A placebo-controlled trial of pioglitazone in subjects with nonalcoholic steatohepatitis},
  author={Belfort, Renata and Harrison, Stephen A and Brown, Kenneth and Darland, Celia and Finch, Joan and Hardies, Jean and Balas, Bogdan and Gastaldelli, Amalia and Tio, Fermin and Pulcini, Joseph and others},
  journal={New England Journal of Medicine},
  volume={355},
  number={22},
  pages={2297--2307},
  year={2006},
  publisher={Mass Medical Soc}
}

@article{kleiner2005design,
  title={Design and validation of a histological scoring system for nonalcoholic fatty liver disease},
  author={Kleiner, David E and Brunt, Elizabeth M and Van Natta, Mark and Behling, Cynthia and Contos, Melissa J and Cummings, Oscar W and Ferrell, Linda D and Liu, Yao-Chang and Torbenson, Michael S and Unalp-Arida, Aynur and others},
  journal={Hepatology},
  volume={41},
  number={6},
  pages={1313--1321},
  year={2005},
  publisher={Wiley Online Library}
}

@article{ewels2020nf,
  title={The nf-core framework for community-curated bioinformatics pipelines},
  author={Ewels, Philip A and Peltzer, Alexander and Fillinger, Sven and Patel, Harshil and Alneberg, Johannes and Wilm, Andreas and Garcia, Maxime Ulysse and Di Tommaso, Paolo and Nahnsen, Sven},
  journal={Nature biotechnology},
  volume={38},
  number={3},
  pages={276--278},
  year={2020},
  publisher={Nature Publishing Group US New York}
}

@Book{ggplot2,
    author = {Hadley Wickham},
    title = {ggplot2: Elegant Graphics for Data Analysis},
    publisher = {Springer-Verlag New York},
    year = {2016},
    isbn = {978-3-319-24277-4},
    url = {https://ggplot2.tidyverse.org},
  }

@article{bond2022adipose,
  title={Adipose-derived extracellular vesicles: systemic messengers and metabolic regulators in health and disease},
  author={Bond, Simon T and Calkin, Anna C and Drew, Brian G},
  journal={Frontiers in Physiology},
  volume={13},
  pages={837001},
  year={2022},
  publisher={Frontiers Media SA}
}

@article{kulaj2023adipocyte,
  title={Adipocyte-derived extracellular vesicles increase insulin secretion through transport of insulinotropic protein cargo},
  author={Kulaj, Konxhe and Harger, Alexandra and Bauer, Michaela and Caliskan, {\"O}z{\"u}m S and Gupta, Tilak Kumar and Chiang, Dapi Menglin and Milbank, Edward and Reber, Josefine and Karlas, Angelos and Kotzbeck, Petra and others},
  journal={Nature Communications},
  volume={14},
  number={1},
  pages={709},
  year={2023},
  publisher={Nature Publishing Group UK London}
}
@article{jung2014obesity,
  title={Obesity and its metabolic complications: the role of adipokines and the relationship between obesity, inflammation, insulin resistance, dyslipidemia and nonalcoholic fatty liver disease},
  author={Jung, Un Ju and Choi, Myung-Sook},
  journal={International journal of molecular sciences},
  volume={15},
  number={4},
  pages={6184--6223},
  year={2014},
  publisher={Molecular Diversity Preservation International (MDPI)}
}

@article{zorena2020adipokines,
  title={Adipokines and obesity. Potential link to metabolic disorders and chronic complications},
  author={Zorena, Katarzyna and Jachimowicz-Duda, Olga and {\'S}l{\k{e}}zak, Daniel and Robakowska, Marlena and Mrugacz, Ma{\l}gorzata},
  journal={International journal of molecular sciences},
  volume={21},
  number={10},
  pages={3570},
  year={2020},
  publisher={MDPI}
}

@article{jo2009hypertrophy,
  title={Hypertrophy and/or hyperplasia: dynamics of adipose tissue growth},
  author={Jo, Junghyo and Gavrilova, Oksana and Pack, Stephanie and Jou, William and Mullen, Shawn and Sumner, Anne E and Cushman, Samuel W and Periwal, Vipul},
  journal={PLoS computational biology},
  volume={5},
  number={3},
  pages={e1000324},
  year={2009},
  publisher={Public Library of Science San Francisco, USA}
}

@article{stenkula2018adipose,
  title={Adipose cell size: importance in health and disease},
  author={Stenkula, Karin G and Erlanson-Albertsson, Charlotte},
  journal={American Journal of Physiology-Regulatory, Integrative and Comparative Physiology},
  volume={315},
  number={2},
  pages={R284--R295},
  year={2018},
  publisher={American Physiological Society Bethesda, MD}
}
@article{muir2016adipose,
  title={Adipose tissue fibrosis, hypertrophy, and hyperplasia: Correlations with diabetes in human obesity},
  author={Muir, Lindsey A and Neeley, Christopher K and Meyer, Kevin A and Baker, Nicki A and Brosius, Alice M and Washabaugh, Alexandra R and Varban, Oliver A and Finks, Jonathan F and Zamarron, Brian F and Flesher, Carmen G and others},
  journal={Obesity},
  volume={24},
  number={3},
  pages={597--605},
  year={2016},
  publisher={Wiley Online Library}
}

@article{trayhurn2013hypoxia,
  title={Hypoxia and adipose tissue function and dysfunction in obesity},
  author={Trayhurn, Paul},
  journal={Physiological reviews},
  volume={93},
  number={1},
  pages={1--21},
  year={2013},
  publisher={American Physiological Society Bethesda, MD}
}

@article{kawai2021adipose,
  title={Adipose tissue inflammation and metabolic dysfunction in obesity},
  author={Kawai, Tatsuo and Autieri, Michael V and Scalia, Rosario},
  journal={American Journal of Physiology-Cell Physiology},
  volume={320},
  number={3},
  pages={C375--C391},
  year={2021},
  publisher={American Physiological Society Rockville, MD}
}
@article{wondmkun2020obesity,
  title={Obesity, insulin resistance, and type 2 diabetes: associations and therapeutic implications},
  author={Wondmkun, Yohannes Tsegyie},
  journal={Diabetes, Metabolic Syndrome and Obesity},
  pages={3611--3616},
  year={2020},
  publisher={Taylor \& Francis}
}

@article{virtue2010adipose,
  title={Adipose tissue expandability, lipotoxicity and the metabolic syndrome—an allostatic perspective},
  author={Virtue, Sam and Vidal-Puig, Antonio},
  journal={Biochimica et Biophysica Acta (BBA)-molecular and cell biology of lipids},
  volume={1801},
  number={3},
  pages={338--349},
  year={2010},
  publisher={Elsevier}
}

@article{gray2007adipose,
  title={Adipose tissue expandability in the maintenance of metabolic homeostasis},
  author={Gray, Sarah L and Vidal-Puig, Antonio J},
  journal={Nutrition reviews},
  volume={65},
  number={suppl\_1},
  pages={S7--S12},
  year={2007},
  publisher={Oxford University Press Oxford, UK}
}

@article{lee2023adipocentric,
  title={An adipocentric perspective on the development and progression of non-alcoholic fatty liver disease},
  author={Lee, Eunyoung and Korf, Hannelie and Vidal-Puig, Antonio},
  journal={Journal of hepatology},
  volume={78},
  number={5},
  pages={1048--1062},
  year={2023},
  publisher={Elsevier}
}

@article{alkhouri2009lipotoxicity,
  title={Lipotoxicity in nonalcoholic fatty liver disease: not all lipids are created equal},
  author={Alkhouri, Naim and Dixon, Laura J and Feldstein, Ariel E},
  journal={Expert review of gastroenterology \& hepatology},
  volume={3},
  number={4},
  pages={445--451},
  year={2009},
  publisher={Taylor \& Francis}
}

@article{du2015association,
  title={Association of adipose tissue inflammation with histologic severity of nonalcoholic fatty liver disease},
  author={Du Plessis, Johannie and Van Pelt, Jos and Korf, Hannelie and Mathieu, Chantal and Van der Schueren, Bart and Lannoo, Matthias and Oyen, Tom and Topal, Baki and Fetter, Gary and Nayler, Simon and others},
  journal={Gastroenterology},
  volume={149},
  number={3},
  pages={635--648},
  year={2015},
  publisher={Elsevier}
}

@article{wang2020mutual,
  title={Mutual interaction between endoplasmic reticulum and mitochondria in nonalcoholic fatty liver disease},
  author={Wang, Jin and He, Wanping and Tsai, Ping-Ju and Chen, Pei-Hsuan and Ye, Manxiang and Guo, Jiao and Su, Zhengquan},
  journal={Lipids in Health and Disease},
  volume={19},
  pages={1--19},
  year={2020},
  publisher={Springer}
}

@article{delli2021oxidative,
  title={Oxidative stress in non-alcoholic fatty liver disease. An updated mini review},
  author={Delli Bovi, Anna Pia and Marciano, Francesca and Mandato, Claudia and Siano, Maria Anna and Savoia, Marcella and Vajro, Pietro},
  journal={Frontiers in medicine},
  volume={8},
  pages={595371},
  year={2021},
  publisher={Frontiers Media SA}
}

@article{paradies2014oxidative,
  title={Oxidative stress, cardiolipin and mitochondrial dysfunction in nonalcoholic fatty liver disease},
  author={Paradies, Giuseppe and Paradies, Valeria and Ruggiero, Francesca M and Petrosillo, Giuseppe},
  journal={World journal of gastroenterology: WJG},
  volume={20},
  number={39},
  pages={14205},
  year={2014},
  publisher={Baishideng Publishing Group Inc}
}

@article{zhang2014role,
  title={Role of endoplasmic reticulum stress in the pathogenesis of nonalcoholic fatty liver disease},
  author={Zhang, Xue-Qun and Xu, Cheng-Fu and Yu, Chao-Hui and Chen, Wei-Xing and Li, You-Ming},
  journal={World journal of gastroenterology: WJG},
  volume={20},
  number={7},
  pages={1768},
  year={2014},
  publisher={Baishideng Publishing Group Inc}
}

@article{jacome2014fatty,
  title={Fatty acid sources and their fluxes as they contribute to plasma triglyceride concentrations and fatty liver in humans},
  author={Jacome-Sosa, M Miriam and Parks, Elizabeth J},
  journal={Current opinion in lipidology},
  volume={25},
  number={3},
  pages={213--220},
  year={2014},
  publisher={LWW}
}



@article{bartel2004micrornas,
  title={MicroRNAs: genomics, biogenesis, mechanism, and function},
  author={Bartel, David P},
  journal={cell},
  volume={116},
  number={2},
  pages={281--297},
  year={2004},
  publisher={Elsevier}
}

@article{ambros2004functions,
  title={The functions of animal microRNAs},
  author={Ambros, Victor},
  journal={Nature},
  volume={431},
  number={7006},
  pages={350--355},
  year={2004},
  publisher={Nature Publishing Group UK London}
}

@article{lee1993c,
  title={The C. elegans heterochronic gene lin-4 encodes small RNAs with antisense complementarity to lin-14},
  author={Lee, Rosalind C and Feinbaum, Rhonda L and Ambros, Victor},
  journal={cell},
  volume={75},
  number={5},
  pages={843--854},
  year={1993},
  publisher={Cell Press}
}

@article{wightman1993posttranscriptional,
  title={Posttranscriptional regulation of the heterochronic gene lin-14 by lin-4 mediates temporal pattern formation in C. elegans},
  author={Wightman, Bruce and Ha, Ilho and Ruvkun, Gary},
  journal={Cell},
  volume={75},
  number={5},
  pages={855--862},
  year={1993},
  publisher={Elsevier}
}

@misc{calin20242024,
  title={The 2024 Nobel Prize in Physiology or Medicine: microRNA Takes Center Stage},
  author={Calin, George A and Hub{\'e}, Florent and Ladomery, Michael R and Delihas, Nicholas and Ferracin, Manuela and Poliseno, Laura and Agnelli, Luca and Alahari, Suresh K and Yu, Ai-Ming and Zhong, Xiao-Bo},
  journal={Non-Coding RNA},
  volume={10},
  number={6},
  pages={62},
  year={2024},
  publisher={MDPI}
}

@article{zeng2006principles,
  title={Principles of micro-RNA production and maturation},
  author={Zeng, Y},
  journal={Oncogene},
  volume={25},
  number={46},
  pages={6156--6162},
  year={2006},
  publisher={Nature Publishing Group}
}

@article{wronska2015application,
  title={Application of micro RNA s in diagnosis and treatment of cardiovascular disease},
  author={Wronska, A and Kurkowska-Jastrzebska, I and Santulli, Gaetano},
  journal={Acta physiologica},
  volume={213},
  number={1},
  pages={60--83},
  year={2015},
  publisher={Wiley Online Library}
}

@article{lauressergues2015primary,
  title={Primary transcripts of microRNAs encode regulatory peptides},
  author={Lauressergues, Dominique and Couzigou, Jean-Malo and Clemente, Helene San and Martinez, Yves and Dunand, Christophe and B{\'e}card, Guillaume and Combier, Jean-Philippe},
  journal={Nature},
  volume={520},
  number={7545},
  pages={90--93},
  year={2015},
  publisher={Nature Publishing Group UK London}
}

@article{van2012microrna,
  title={MicroRNA therapeutics for cardiovascular disease: opportunities and obstacles},
  author={Van Rooij, Eva and Olson, Eric N},
  journal={Nature reviews Drug discovery},
  volume={11},
  number={11},
  pages={860--872},
  year={2012},
  publisher={Nature Publishing Group UK London}
}

@article{guo2010mammalian,
  title={Mammalian microRNAs predominantly act to decrease target mRNA levels},
  author={Guo, Huili and Ingolia, Nicholas T and Weissman, Jonathan S and Bartel, David P},
  journal={Nature},
  volume={466},
  number={7308},
  pages={835--840},
  year={2010},
  publisher={Nature Publishing Group UK London}
}

@article{yates2013long,
  title={The long and short of microRNA},
  author={Yates, Luke A and Norbury, Chris J and Gilbert, Robert JC},
  journal={Cell},
  volume={153},
  number={3},
  pages={516--519},
  year={2013},
  publisher={Elsevier}
}

@article{vienberg2017micro,
  title={Micro RNA s in metabolism},
  author={Vienberg, Sara and Geiger, Julian and Madsen, S{\o}ren and Dalgaard, Louise Torp},
  journal={Acta physiologica},
  volume={219},
  number={2},
  pages={346--361},
  year={2017},
  publisher={Wiley Online Library}
}

@article{colpaert2019micrornas,
  title={MicroRNAs in cardiac diseases},
  author={Colpaert, Robin MW and Calore, Martina},
  journal={Cells},
  volume={8},
  number={7},
  pages={737},
  year={2019},
  publisher={MDPI}
}

@article{alles2019estimate,
  title={An estimate of the total number of true human miRNAs},
  author={Alles, Julia and Fehlmann, Tobias and Fischer, Ulrike and Backes, Christina and Galata, Valentina and Minet, Marie and Hart, Martin and Abu-Halima, Masood and Gr{\"a}sser, Friedrich A and Lenhof, Hans-Peter and others},
  journal={Nucleic acids research},
  volume={47},
  number={7},
  pages={3353--3364},
  year={2019},
  publisher={Oxford University Press}
}

@article{catalanotto2016microrna,
  title={MicroRNA in control of gene expression: an overview of nuclear functions},
  author={Catalanotto, Caterina and Cogoni, Carlo and Zardo, Giuseppe},
  journal={International journal of molecular sciences},
  volume={17},
  number={10},
  pages={1712},
  year={2016},
  publisher={MDPI}
}
@article{denli2004processing,
  title={Processing of primary microRNAs by the Microprocessor complex},
  author={Denli, Ahmet M and Tops, Bastiaan BJ and Plasterk, Ronald HA and Ketting, Ren{\'e} F and Hannon, Gregory J},
  journal={Nature},
  volume={432},
  number={7014},
  pages={231--235},
  year={2004},
  publisher={Nature Publishing Group UK London}
}

@article{lee2004microrna,
  title={MicroRNA genes are transcribed by RNA polymerase II},
  author={Lee, Yoontae and Kim, Minju and Han, Jinju and Yeom, Kyu-Hyun and Lee, Sanghyuk and Baek, Sung Hee and Kim, V Narry},
  journal={The EMBO journal},
  volume={23},
  number={20},
  pages={4051--4060},
  year={2004},
  publisher={John Wiley \& Sons, Ltd Chichester, UK}
}

@article{zeng2005recognition,
  title={Recognition and cleavage of primary microRNA precursors by the nuclear processing enzyme Drosha},
  author={Zeng, Yan and Yi, Rui and Cullen, Bryan R},
  journal={The EMBO journal},
  volume={24},
  number={1},
  pages={138--148},
  year={2005},
  publisher={John Wiley \& Sons, Ltd Chichester, UK}
}
@article{shiohama2003molecular,
  title={Molecular cloning and expression analysis of a novel gene DGCR8 located in the DiGeorge syndrome chromosomal region},
  author={Shiohama, Aiko and Sasaki, Takashi and Noda, Setsuko and Minoshima, Shinsei and Shimizu, Nobuyoshi},
  journal={Biochemical and biophysical research communications},
  volume={304},
  number={1},
  pages={184--190},
  year={2003},
  publisher={Elsevier}
}
@article{katahira2011nucleocytoplasmic,
  title={Nucleocytoplasmic transport of microRNAs and related small RNAs},
  author={Katahira, Jun and Yoneda, Yoshihiro},
  journal={Traffic},
  volume={12},
  number={11},
  pages={1468--1474},
  year={2011},
  publisher={Wiley Online Library}
}

@article{bhayani2012functional,
  title={Functional relevance of miRNA* sequences in human disease},
  author={Bhayani, Mihir K and Calin, George A and Lai, Stephen Y},
  journal={Mutation Research/Fundamental and Molecular Mechanisms of Mutagenesis},
  volume={731},
  number={1-2},
  pages={14--19},
  year={2012},
  publisher={Elsevier}
}

@article{o2018overview,
  title={Overview of microRNA biogenesis, mechanisms of actions, and circulation},
  author={O'Brien, Jacob and Hayder, Heyam and Zayed, Yara and Peng, Chun},
  journal={Frontiers in endocrinology},
  volume={9},
  pages={402},
  year={2018},
  publisher={Frontiers Media SA}
}

@article{wahid2010micrornas,
  title={MicroRNAs: synthesis, mechanism, function, and recent clinical trials},
  author={Wahid, Fazli and Shehzad, Adeeb and Khan, Taous and Kim, You Young},
  journal={Biochimica et Biophysica Acta (BBA)-Molecular Cell Research},
  volume={1803},
  number={11},
  pages={1231--1243},
  year={2010},
  publisher={Elsevier}
}

@article{friedman2009most,
  title={Most mammalian mRNAs are conserved targets of microRNAs},
  author={Friedman, Robin C and Farh, Kyle Kai-How and Burge, Christopher B and Bartel, David P},
  journal={Genome research},
  volume={19},
  number={1},
  pages={92--105},
  year={2009},
  publisher={Cold Spring Harbor Lab}
}

@article{agarwal2015predicting,
  title={Predicting effective microRNA target sites in mammalian mRNAs},
  author={Agarwal, Vikram and Bell, George W and Nam, Jin-Wu and Bartel, David P},
  journal={elife},
  volume={4},
  pages={e05005},
  year={2015},
  publisher={eLife Sciences Publications, Ltd}
}

@article{chen2019trends,
  title={Trends in the development of miRNA bioinformatics tools},
  author={Chen, Liang and Heikkinen, Liisa and Wang, Changliang and Yang, Yang and Sun, Huiyan and Wong, Garry},
  journal={Briefings in bioinformatics},
  volume={20},
  number={5},
  pages={1836--1852},
  year={2019},
  publisher={Oxford University Press}
}

@article{neilsen2012isomirs,
  title={IsomiRs--the overlooked repertoire in the dynamic microRNAome},
  author={Neilsen, Corine T and Goodall, Gregory J and Bracken, Cameron P},
  journal={Trends in genetics},
  volume={28},
  number={11},
  pages={544--549},
  year={2012},
  publisher={Elsevier}
}

@article{gebert2019regulation,
  title={Regulation of microRNA function in animals},
  author={Gebert, Luca FR and MacRae, Ian J},
  journal={Nature reviews Molecular cell biology},
  volume={20},
  number={1},
  pages={21--37},
  year={2019},
  publisher={Nature Publishing Group UK London}
}

@article{bourganou2025unraveling,
  title={Unraveling MASLD Through the Use of Omics Technologies},
  author={Bourganou, Maria V and Chondorgianni, Maria Eleni and Kyrou, Ioannis and Flessa, Christina-Maria and Chatzigeorgiou, Antonios and Oikonomou, Evangelos and Randeva, Harpal S and Kassi, Eva},
  year={2025}
}

@article{carpi2024recent,
  title={Recent Advances in miRNA-Based Therapy for MASLD/MASH and MASH-Associated HCC},
  author={Carpi, Sara and Daniele, Simona and de Almeida, Jacqueline F{\'a}tima Martins and Gabbia, Daniela},
  journal={International Journal of Molecular Sciences},
  volume={25},
  number={22},
  pages={12229},
  year={2024},
  publisher={MDPI}
}

@article{ma2024micrornas,
  title={MicroRNAs in metabolic dysfunction-associated diseases: Pathogenesis and therapeutic opportunities},
  author={Ma, Ningning and Tan, Jiaxin and Chen, Yingfen and Yang, Liu and Li, Man and He, Yong},
  journal={The FASEB Journal},
  volume={38},
  number={17},
  pages={e70038},
  year={2024},
  publisher={Wiley Online Library}
}

@article{syring2015circulating,
  title={Circulating serum miRNA (miR-367-3p, miR-371a-3p, miR-372-3p and miR-373-3p) as biomarkers in patients with testicular germ cell cancer},
  author={Syring, Isabella and Bartels, Joanna and Holdenrieder, Stefan and Kristiansen, Glen and M{\"u}ller, Stefan C and Ellinger, J{\"o}rg},
  journal={The Journal of urology},
  volume={193},
  number={1},
  pages={331--337},
  year={2015},
  publisher={Wolters Kluwer Philadelphia, PA}
}
@article{ludwig2016distribution,
  title={Distribution of miRNA expression across human tissues},
  author={Ludwig, Nicole and Leidinger, Petra and Becker, Kurt and Backes, Christina and Fehlmann, Tobias and Pallasch, Christian and Rheinheimer, Steffi and Meder, Benjamin and St{\"a}hler, Cord and Meese, Eckart and others},
  journal={Nucleic acids research},
  volume={44},
  number={8},
  pages={3865--3877},
  year={2016},
  publisher={Oxford University Press}
}
@article{zeng2024knockdown,
  title={Knockdown of RASD1 improves MASLD progression by inhibiting the PI3K/AKT/mTOR pathway},
  author={Zeng, Guifang and Liu, Xialei and Zheng, Zhouying and Zhao, Jiali and Zhuo, Wenfeng and Bai, Zirui and Lin, En and Cai, Shanglin and Cai, Chaonong and Li, Peiping and others},
  journal={Lipids in Health and Disease},
  volume={23},
  number={1},
  pages={424},
  year={2024},
  publisher={Springer}
}
@article{landrier2019micrornas,
  title={MicroRNAs in obesity and related metabolic disorders},
  author={Landrier, Jean-Fran{\c{c}}ois and Derghal, Adel and Mounien, Lourdes},
  journal={Cells},
  volume={8},
  number={8},
  pages={859},
  year={2019},
  publisher={MDPI}
}

@article{li2020current,
  title={Current understanding of the role of Adipose-derived Extracellular Vesicles in Metabolic Homeostasis and Diseases: Communication from the distance between cells/tissues},
  author={Li, Chun-Jun and Fang, Qian-Hua and Liu, Ming-Lin and Lin, Jing-Na},
  journal={Theranostics},
  volume={10},
  number={16},
  pages={7422},
  year={2020},
  publisher={Ivyspring International Publisher}
}

@article{lim2005microarray,
  title={Microarray analysis shows that some microRNAs downregulate large numbers of target mRNAs},
  author={Lim, Lee P and Lau, Nelson C and Garrett-Engele, Philip and Grimson, Andrew and Schelter, Janell M and Castle, John and Bartel, David P and Linsley, Peter S and Johnson, Jason M},
  journal={Nature},
  volume={433},
  number={7027},
  pages={769--773},
  year={2005},
  publisher={Nature Publishing Group UK London}
}

@article{lv2013posttranscriptional,
  title={Posttranscriptional regulation of ATP-binding cassette transporter A1 in lipid metabolism},
  author={Lv, Yun-cheng and Yin, Kai and Fu, Yu-chang and Zhang, Da-wei and Chen, Wu-jun and Tang, Chao-ke},
  journal={DNA and cell biology},
  volume={32},
  number={7},
  pages={348--358},
  year={2013},
  publisher={Mary Ann Liebert, Inc. 140 Huguenot Street, 3rd Floor New Rochelle, NY 10801 USA}
}

@article{poy2007micrornas,
  title={microRNAs and the regulation of glucose and lipid metabolism},
  author={Poy, Matthew N and Spranger, Molar and Stoffel, Markus},
  journal={Diabetes, Obesity and Metabolism},
  volume={9},
  pages={67--73},
  year={2007},
  publisher={Wiley Online Library}
}

@article{gjorgjieva2019mirnas,
  title={miRNAs and NAFLD: from pathophysiology to therapy},
  author={Gjorgjieva, Monika and Sobolewski, Cyril and Dolicka, Dobrochna and de Sousa, Marta Correia and Foti, Michelangelo},
  journal={Gut},
  volume={68},
  number={11},
  pages={2065--2079},
  year={2019},
  publisher={BMJ Publishing Group}
}

@article{ma2024micrornas,
  title={MicroRNAs in metabolic dysfunction-associated diseases: Pathogenesis and therapeutic opportunities},
  author={Ma, Ningning and Tan, Jiaxin and Chen, Yingfen and Yang, Liu and Li, Man and He, Yong},
  journal={The FASEB Journal},
  volume={38},
  number={17},
  pages={e70038},
  year={2024},
  publisher={Wiley Online Library}
}

@article{murray2016present,
  title={The present and future of serum diagnostic tests for testicular germ cell tumours},
  author={Murray, Matthew J and Huddart, Robert A and Coleman, Nicholas},
  journal={Nature Reviews Urology},
  volume={13},
  number={12},
  pages={715--725},
  year={2016},
  publisher={Nature Publishing Group UK London}
}


@article{gerhard2019aebp1,
  title={AEBP1 expression increases with severity of fibrosis in NASH and is regulated by glucose, palmitate, and miR-372-3p},
  author={Gerhard, Glenn S and Hanson, Amanda and Wilhelmsen, Danielle and Piras, Ignazio S and Still, Christopher D and Chu, Xin and Petrick, Anthony T and DiStefano, Johanna K},
  journal={PloS one},
  volume={14},
  number={7},
  pages={e0219764},
  year={2019},
  publisher={Public Library of Science San Francisco, CA USA}
}
@article{voorhoeve2006genetic,
  title={A genetic screen implicates miRNA-372 and miRNA-373 as oncogenes in testicular germ cell tumors},
  author={Voorhoeve, P Mathijs and Le Sage, Carlos and Schrier, Mariette and Gillis, Ad JM and Stoop, Hans and Nagel, Remco and Liu, Ying-Poi and Van Duijse, Josyanne and Drost, Jarno and Griekspoor, Alexander and others},
  journal={Cell},
  volume={124},
  number={6},
  pages={1169--1181},
  year={2006},
  publisher={Elsevier}
}
@article{thamjamrassri2022exploring,
  title={Exploring roles of MiR-372-3p in proliferation of hepatocellular carcinoma cells},
  author={Thamjamrassri, Pannathon},
  year={2022}
}

@article{kazemzadeh2024regulatory,
  title={Regulatory, diagnostic, and therapeutic roles of microRNAs in chronic liver diseases},
  author={Kazemzadeh, Razieh and Kheirollahi, Maryam and Mard, Seyed Ali and Ahangarpour, Akram and Savari, Feryal},
  journal={Acta Gastro-Enterologica Belgica},
  volume={87},
  year={2024}
}

@article{majdalawieh2006adipocyte,
  title={Adipocyte enhancer-binding protein 1 is a potential novel atherogenic factor involved in macrophage cholesterol homeostasis and inflammation},
  author={Majdalawieh, Amin and Zhang, Lei and Fuki, Ilia V and Rader, Daniel J and Ro, Hyo-Sung},
  journal={Proceedings of the National Academy of Sciences},
  volume={103},
  number={7},
  pages={2346--2351},
  year={2006},
  publisher={National Acad Sciences}
}

@article{zhou2012beta,
  title={$\beta$-Catenin/LEF1 transactivates the microRNA-371-373 cluster that modulates the Wnt/$\beta$-catenin-signaling pathway},
  author={Zhou, AD and Diao, LT and Xu, H and Xiao, ZD and Li, JH and Zhou, H and Qu, LH},
  journal={Oncogene},
  volume={31},
  number={24},
  pages={2968--2978},
  year={2012},
  publisher={Nature Publishing Group}
}
@article{fan2020lncrna,
  title={lncRNA OSER1-AS1 acts as a ceRNA to promote tumorigenesis in hepatocellular carcinoma by regulating miR-372-3p/Rab23 axis},
  author={Fan, Jiye and Zhang, Jing and Huang, Shuhong and Li, Peng},
  journal={Biochemical and biophysical research communications},
  volume={521},
  number={1},
  pages={196--203},
  year={2020},
  publisher={Elsevier}
}
@article{peng2019mir,
  title={MiR-372-3p promotes tumor progression by targeting LATS2 in colorectal cancer},
  author={Peng, H and Pan, X and Su, Q and Zhu, LS and Ma, GD},
  journal={Eur Rev Med Pharmacol Sci},
  volume={23},
  number={19},
  pages={8332--8344},
  year={2019}
}

@article{xu2018mir,
  title={MiR-372-3p inhibits the growth and metastasis of osteosarcoma cells by targeting FXYD6.},
  author={Xu, S-Y and Xu, P-F and Gao, T-T},
  journal={European Review for Medical \& Pharmacological Sciences},
  volume={22},
  number={1},
  year={2018}
}

@article{leti2015high,
  title={High-throughput sequencing reveals altered expression of hepatic microRNAs in nonalcoholic fatty liver disease--related fibrosis},
  author={Leti, Fatjon and Malenica, Ivana and Doshi, Meera and Courtright, Amanda and Van Keuren-Jensen, Kendall and Legendre, Christophe and Still, Christopher D and Gerhard, Glenn S and DiStefano, Johanna K},
  journal={Translational Research},
  volume={166},
  number={3},
  pages={304--314},
  year={2015},
  publisher={Elsevier}
}

@article{fan2020lncrna,
  title={lncRNA OSER1-AS1 acts as a ceRNA to promote tumorigenesis in hepatocellular carcinoma by regulating miR-372-3p/Rab23 axis},
  author={Fan, Jiye and Zhang, Jing and Huang, Shuhong and Li, Peng},
  journal={Biochemical and biophysical research communications},
  volume={521},
  number={1},
  pages={196--203},
  year={2020},
  publisher={Elsevier}
}
@article{wang2017mir,
  title={MiR-372-3p promotes cell growth and metastasis by targeting FGF 9 in lung squamous cell carcinoma},
  author={Wang, Qing and Liu, Siyang and Zhao, Xitong and Wang, Yuan and Tian, Dali and Jiang, Wenjun},
  journal={Cancer Medicine},
  volume={6},
  number={6},
  pages={1323--1330},
  year={2017},
  publisher={Wiley Online Library}
}
@article{ye2022analytical,
  title={Analytical validation and performance characteristics of molecular serum biomarkers, miR-371a-3p and miR-372-3p, for male germ cell tumors, in a clinical laboratory setting},
  author={Ye, Fei and Feldman, Darren R and Valentino, Alisa and So, Rachel and Bromberg, Maria and Khan, Shah and Funt, Samuel A and Sheinfeld, Joel and Solit, David B and Pessin, Melissa S and others},
  journal={The Journal of Molecular Diagnostics},
  volume={24},
  number={8},
  pages={867--877},
  year={2022},
  publisher={Elsevier}
}
@article{li2020lncrna,
  title={LncRNA HULC induces the progression of osteosarcoma by regulating the miR-372-3p/HMGB1 signalling axis},
  author={Li, Yong and Liu, Jing-Jing and Zhou, Jia-Hui and Chen, Rui and Cen, Chao-Qun},
  journal={Molecular Medicine},
  volume={26},
  pages={1--12},
  year={2020},
  publisher={Springer}
}

@article{meng2019mir,
  title={miR-372-3p is a potential diagnostic factor for diabetic nephropathy and modulates high glucose-induced glomerular endothelial cell dysfunction via targeting fibroblast growth factor-16},
  author={Meng, Zhiyun and Li, Fangyuan and Wang, Bin},
  journal={Archives of Medical Science: AMS},
  volume={19},
  number={3},
  pages={703},
  year={2019}
}

@article{li2022mir,
  title={MiR-372-3p Functions as a Tumor Suppressor in Colon Cancer by Targeting MAP3K2},
  author={Li, Yana and Li, Fuqiang and Feng, Chang and Wu, Tingting and Chen, Yuyang and Shah, Junaid Ali and Wang, Fei and Cai, Yong and Wang, Jianfeng and Jin, Jingji},
  journal={Frontiers in Genetics},
  volume={13},
  pages={836256},
  year={2022},
  publisher={Frontiers Media SA}
}

@article{thamjamrassri2023exploring,
  title={Exploring roles of MiR-372-3p in proliferation of hepatocellular carcinoma cells},
  author={Thamjamrassri, Pannathon},
  journal={Procedia of Multidisciplinary Research},
  volume={1},
  number={7},
  pages={107--107},
  year={2023}
}
@article{yin2023prdm16,
  title={PRDM16, Negatively Regulated by miR-372-3p, Suppresses Cell Proliferation and Invasion in Prostate Cancer},
  author={Yin, Guangwei and Yan, Chengquan and Hao, Jing and Zhang, Chunying and Wang, Pengfei and Zhao, Chaofei and Cai, Shengyong and Meng, Bin and Zhang, Aili and Li, Lin},
  journal={Andrologia},
  volume={2023},
  number={1},
  pages={9821829},
  year={2023},
  publisher={Wiley Online Library}
}
@article{morishita2023micrornas,
  title={MicroRNAs and nonalcoholic steatohepatitis: a review},
  author={Morishita, Asahiro and Oura, Kyoko and Tadokoro, Tomoko and Fujita, Koji and Tani, Joji and Kobara, Hideki and Ono, Masafumi and Himoto, Takashi and Masaki, Tsutomu},
  journal={International Journal of Molecular Sciences},
  volume={24},
  number={19},
  pages={14482},
  year={2023},
  publisher={MDPI}
}



@article{hu2014agomir,
  title={An agomir of miR-144-3p accelerates plaque formation through impairing reverse cholesterol transport and promoting pro-inflammatory cytokine production},
  author={Hu, Yan-Wei and Hu, Ya-Rong and Zhao, Jia-Yi and Li, Shu-Fen and Ma, Xin and Wu, Shao-Guo and Lu, Jing-Bo and Qiu, Yu-Rong and Sha, Yan-Hua and Wang, Yan-Chao and others},
  journal={PloS one},
  volume={9},
  number={4},
  pages={e94997},
  year={2014},
  publisher={Public Library of Science San Francisco, USA}
}
@article{niitsu2023increased,
  title={Increased serum extracellular vesicle miR-144-3p and miR-486a-3p in a mouse model of adipose tissue regeneration promote hepatocyte proliferation by targeting Txnip},
  author={Niitsu, Yoshihiro and Komiya, Chikara and Takeuchi, Akira and Hara, Kazunari and Horino, Masato and Aoki, Jun and Okazaki, Rei and Murakami, Masanori and Tsujimoto, Kazutaka and Ikeda, Kenji and others},
  journal={Plos one},
  volume={18},
  number={5},
  pages={e0284989},
  year={2023},
  publisher={Public Library of Science San Francisco, CA USA}
}
@article{chen2023lnctug1,
  title={LncTUG1 contributes to the progression of hepatocellular carcinoma via the miR-144-3p/RRAGD axis and mTOR/S6K pathway},
  author={Chen, Weixi and Bai, Zekun and Bai, Wen and Wang, Wei and Guo, Jiapei and Guo, Mengnan and Sai, Yingying and Shi, Jun and Wu, Jinghua},
  journal={Scientific Reports},
  volume={13},
  number={1},
  pages={7500},
  year={2023},
  publisher={Nature Publishing Group UK London}
}

@article{wei2020lncrna,
  title={LncRNA NEAT1 promotes the progression of sepsis-induced myocardial cell injury by sponging miR-144-3p.},
  author={Wei, J-L and Wu, C-J and Chen, J-J and Shang, F-T and Guo, S-G and Zhang, X-C and Liu, H},
  journal={European Review for Medical \& Pharmacological Sciences},
  volume={24},
  number={2},
  year={2020}
}
@article{fang2021micrornas,
  title={MicroRNAs in the pathogenesis of nonalcoholic fatty liver disease},
  author={Fang, Zhiqiang and Dou, Guorui and Wang, Lin},
  journal={International journal of biological sciences},
  volume={17},
  number={7},
  pages={1851},
  year={2021},
  publisher={Ivyspring International Publisher}
}

@article{kennedy2021mast,
  title={Mast cells promote nonalcoholic fatty liver disease phenotypes and microvesicular steatosis in mice fed a western diet},
  author={Kennedy, Lindsey and Meadows, Vik and Sybenga, Amelia and Demieville, Jennifer and Chen, Lixian and Hargrove, Laura and Ekser, Burcin and Dar, Wasim and Ceci, Ludovica and Kundu, Debjyoti and others},
  journal={Hepatology},
  volume={74},
  number={1},
  pages={164--182},
  year={2021},
  publisher={Wiley Online Library}
}
@article{chu2020whole,
  title={Whole-transcriptome sequencing identifies key differentially expressed mRNAs, miRNAs, lncRNAs, and circRNAs associated with CHOL},
  author={Chu, Kai-Jian and Ma, Yu-Shui and Jiang, Xiao-Hui and Wu, Ting-Miao and Wu, Zhi-Jun and Li, Zhi-Zhen and Wang, Jing-Han and Gao, Qing-Xiang and Yi, Bin and Shi, Yi and others},
  journal={Molecular Therapy-Nucleic Acids},
  volume={21},
  pages={592--603},
  year={2020},
  publisher={Elsevier}
}
@article{zhang2024mir,
  title={miR-144 regulates bovine skeletal muscle satellite cell proliferation and differentiation by targeting the NACC1 gene},
  author={Zhang, Yanfeng and Zhou, Xiaonan and Li, Chenglong and Su, Zonghua and Xu, Junjie and Shi, Yuangang and others},
  year={2024}
}
@article{romualdo2020combination,
  title={The combination of coffee compounds attenuates early fibrosis-associated hepatocarcinogenesis in mice: Involvement of miRNA profile modulation},
  author={Romualdo, Guilherme Ribeiro and Prata, Gabriel Bacil and da Silva, Tereza Cristina and Evangelista, Adriane Feij{\'o} and Reis, Rui Manuel and Vinken, Mathieu and Moreno, Fernando Salvador and Cogliati, Bruno and Barbisan, Lu{\'\i}s Fernando},
  journal={The Journal of Nutritional Biochemistry},
  volume={85},
  pages={108479},
  year={2020},
  publisher={Elsevier}
}

@article{ghafouri2021role,
  title={Role of miRNA and lncRNAs in organ fibrosis and aging},
  author={Ghafouri-Fard, Soudeh and Abak, Atefe and Talebi, Seyedeh Fahimeh and Shoorei, Hamed and Branicki, Wojciech and Taheri, Mohammad and Dilmaghani, Nader Akbari},
  journal={Biomedicine \& Pharmacotherapy},
  volume={143},
  pages={112132},
  year={2021},
  publisher={Elsevier}
}
@article{rowe2023role,
  title={The role of non-coding RNAs in liver disease, injury, and regeneration},
  author={Rowe, Melissa M and Kaestner, Klaus H},
  journal={Cells},
  volume={12},
  number={3},
  pages={359},
  year={2023},
  publisher={MDPI}
}

@article{loukachov2022identification,
  title={Identification of liver and plasma microRNAs in chronic hepatitis B virus infection},
  author={Loukachov, Vladimir V and van Dort, Karel A and Maurer, Irma and Takkenberg, R Bart and de Niet, Anniki and Reesink, Henk W and Willemse, Sophie B and Kootstra, Neeltje A},
  journal={Frontiers in cellular and infection microbiology},
  volume={12},
  pages={790964},
  year={2022},
  publisher={Frontiers Media SA}
}

@article{rnacentral2017rnacentral,
  title={RNAcentral: a comprehensive database of non-coding RNA sequences},
  journal={Nucleic acids research},
  volume={45},
  number={D1},
  pages={D128--D134},
  year={2017},
  publisher={Oxford University Press}
}

@article{ye2023plasma,
  title={Plasma microRNA expression profiles associated with zinc exposure and type 2 diabetes mellitus: Exploring potential role of miR-144-3p in zinc-induced insulin resistance},
  author={Ye, Zi and Cheng, Man and Fan, Lieyang and Ma, Jixuan and Zhang, Yingdie and Gu, Pei and Xie, Yujia and You, Xiaojie and Zhou, Min and Wang, Bin and others},
  journal={Environment International},
  volume={172},
  pages={107807},
  year={2023},
  publisher={Elsevier}
}

@article{zhao2021epigenetic,
  title={Epigenetic silencing of miR-144/451a cluster contributes to HCC progression via paracrine HGF/MIF-mediated TAM remodeling},
  author={Zhao, Junlong and Li, Huichen and Zhao, Shoujie and Wang, Enxin and Zhu, Jun and Feng, Dayun and Zhu, Yejing and Dou, Weijia and Fan, Qingling and Hu, Jie and others},
  journal={Molecular Cancer},
  volume={20},
  pages={1--16},
  year={2021},
  publisher={Springer}
}

@article{sun2017e2f8,
  title={E2F8, a direct target of miR-144, promotes papillary thyroid cancer progression via regulating cell cycle},
  author={Sun, Jing and Shi, Run and Zhao, Sha and Li, Xiaona and Lu, Shan and Bu, Hemei and Ma, Xianghua and Su, Chuan},
  journal={Journal of Experimental \& Clinical Cancer Research},
  volume={36},
  pages={1--14},
  year={2017},
  publisher={Springer}
}

@article{cullen2004transcription,
  title={Transcription and processing of human microRNA precursors},
  author={Cullen, Bryan R},
  journal={Molecular cell},
  volume={16},
  number={6},
  pages={861--865},
  year={2004},
  publisher={Elsevier}
}

@article{he2017intravenous,
  title={Intravenous miR-144 inhibits tumor growth in diethylnitrosamine-induced hepatocellular carcinoma in mice},
  author={He, Quan and Wang, Fangfei and Honda, Takashi and Lindquist, Diana M and Dillman, Jonathan R and Timchenko, Nikolai A and Redington, Andrew N},
  journal={Tumor Biology},
  volume={39},
  number={10},
  pages={1010428317737729},
  year={2017},
  publisher={SAGE Publications Sage UK: London, England}
}

@article{pu2018extracellular,
  title={Extracellular vesicle-associated mir-21 and mir-144 are markedly elevated in serum of patients with hepatocellular carcinoma},
  author={Pu, Chunwen and Huang, Hui and Wang, Zhidong and Zou, Wei and Lv, Yuecai and Zhou, Zhiyuan and Zhang, Qiqi and Qiao, Liang and Wu, Fei and Shao, Shujuan},
  journal={Frontiers in physiology},
  volume={9},
  pages={930},
  year={2018},
  publisher={Frontiers Media SA}
}

@article{cao2014mir,
  title={miR-144 suppresses the proliferation and metastasis of hepatocellular carcinoma by targeting E2F3},
  author={Cao, Tingjia and Li, Hanjun and Hu, Yilin and Ma, Dandan and Cai, Xun},
  journal={Tumor Biology},
  volume={35},
  pages={10759--10764},
  year={2014},
  publisher={Springer}
}

@article{lin2022mir,
  title={MiR-144 regulates adipogenesis by mediating formation of C/EBP$\alpha$-FOXO1 protein complex},
  author={Lin, Weimin and Wen, Xianyu and Li, Xuexin and Chen, Lei and Wei, Wei and Zhang, Lifan and Chen, Jie},
  journal={Biochemical and Biophysical Research Communications},
  volume={612},
  pages={126--133},
  year={2022},
  publisher={Elsevier}
}











@article{kooshkaki2020mir,
  title={MiR-144: a new possible therapeutic target and diagnostic/prognostic tool in cancers},
  author={Kooshkaki, Omid and Rezaei, Zohre and Rahmati, Meysam and Vahedi, Parviz and Derakhshani, Afshin and Brunetti, Oronzo and Baghbanzadeh, Amir and Mansoori, Behzad and Silvestris, Nicola and Baradaran, Behzad},
  journal={International journal of molecular sciences},
  volume={21},
  number={7},
  pages={2578},
  year={2020},
  publisher={MDPI}
}




@article{xu2019several,
  title={Several circulating miRNAs related to hyperlipidemia and atherosclerotic cardiovascular diseases},
  author={Xu, Jiang and Chen, Zixuan and Wang, Yingge and Wang, Xiaohong and Chen, Lu and Yuan, Tingting and Tang, Xiangming and Lu, Yaoyao and Chen, Hongmei and Chen, Miaolei and others},
  journal={Lipids in Health and Disease},
  volume={18},
  pages={1--11},
  year={2019},
  publisher={Springer}
}
@article{xiang2022role,
  title={The role of microRNAs in hyperlipidemia: from pathogenesis to therapeutical application},
  author={Xiang, Yu and Mao, Li and Zuo, Mei-Ling and Song, Gui-Lin and Tan, Li-Ming and Yang, Zhong-Bao},
  journal={Mediators of Inflammation},
  volume={2022},
  number={1},
  pages={3101900},
  year={2022},
  publisher={Wiley Online Library}
}


@article{kloting2009microrna,
  title={MicroRNA expression in human omental and subcutaneous adipose tissue},
  author={Kloting, Nora and Berthold, Susan and Kovacs, Peter and Schon, Michael R and Fasshauer, Mathias and Ruschke, Karen and Stumvoll, Michael and Bluher, Matthias},
  journal={PloS one},
  volume={4},
  number={3},
  pages={e4699},
  year={2009},
  publisher={Public Library of Science San Francisco, USA}
}





@article{lee2021hepatic,
  title={Hepatic MIR20B promotes nonalcoholic fatty liver disease by suppressing PPARA},
  author={Lee, Yo Han and Jang, Hyun-Jun and Kim, Sounkou and Choi, Sun Sil and Khim, Keon Woo and Eom, Hye-jin and Hyun, Jimin and Shin, Kyeong Jin and Chae, Young Chan and Kim, Hongtae and others},
  journal={Elife},
  volume={10},
  pages={e70472},
  year={2021},
  publisher={eLife Sciences Publications Limited}
}
@article{liu2020mir,
  title={miR-188 promotes liver steatosis and insulin resistance via the autophagy pathway},
  author={Liu, Ya and Zhou, Xiaoqing and Xiao, Ye and Li, Changjun and Huang, Yan and Guo, Qi and Su, Tian and Fu, Lei and Luo, Liping},
  journal={Journal of Endocrinology},
  volume={245},
  number={3},
  pages={411--423},
  year={2020},
  publisher={Bioscientifica Ltd}
}

@article{chen2021coordinated,
  title={Coordinated regulation of miR-27 by insulin/CREB/Hippo contributes to insulin resistance},
  author={Chen, Yen-Ju and Chueh, Li-Yun and Lee, Shi-Yun and Ma, Peng-Fang and Chen, Po-Chun and Hsu, Shu-hao},
  journal={Cellular Signalling},
  volume={81},
  pages={109930},
  year={2021},
  publisher={Elsevier}
}

@article{wang2023mir,
  title={miR-32-5p induces hepatic steatosis and hyperlipidemia by triggering de novo lipogenesis},
  author={Wang, Ya-Di and Wu, Liang-Liang and Mai, Yun-Ni and Wang, Kai and Tang, Yi and Wang, Qi-Yu and Li, Jiao-Yang and Jiang, Li-Yan and Liao, Zhe-Zhen and Hu, Can and others},
  journal={Metabolism},
  volume={146},
  pages={155660},
  year={2023},
  publisher={Elsevier}
}

@article{zeng2018mir,
  title={MiR-451a attenuates free fatty acids--mediated hepatocyte steatosis by targeting the thyroid hormone responsive spot 14 gene},
  author={Zeng, Ni and Huang, Rong and Li, Nan and Jiang, Hongmei and Li, Ruobi and Wang, Fei and Chen, Wen and Xia, Min and Wang, Qing},
  journal={Molecular and cellular endocrinology},
  volume={474},
  pages={260--271},
  year={2018},
  publisher={Elsevier}
}

@article{smolka2021mir,
  title={MiR-100 overexpression attenuates high fat diet induced weight gain, liver steatosis, hypertriglyceridemia and development of metabolic syndrome in mice},
  author={Smolka, Christian and Schl{\"o}sser, Delia and Hohnloser, Catherine and Bemtgen, Xavier and J{\"a}nich, Caterina and Schneider, Laura and Martin, Julien and Pfeifer, Dietmar and Moser, Martin and Hasselblatt, Peter and others},
  journal={Molecular Medicine},
  volume={27},
  pages={1--18},
  year={2021},
  publisher={Springer}
}

@article{li2020exosomal,
  title={Exosomal miR-199a-5p promotes hepatic lipid accumulation by modulating MST1 expression and fatty acid metabolism},
  author={Li, Yuhan and Luan, Yansong and Li, Jianning and Song, Hui and Li, Yan and Qi, Hi and Sun, Bo and Zhang, Peng and Wu, Xianxian and Liu, Xing and others},
  journal={Hepatology International},
  volume={14},
  pages={1057--1074},
  year={2020},
  publisher={Springer}
}
@article{wang2022microrna,
  title={MicroRNA-376b-3p ameliorates nonalcoholic fatty liver disease by targeting FGFR1 and regulating lipid oxidation in hepatocytes},
  author={Wang, Xin-Yu and Lu, Lin-Jie and Li, You-Ming and Xu, Cheng-Fu},
  journal={Life Sciences},
  volume={308},
  pages={120925},
  year={2022},
  publisher={Elsevier}
}

@article{ding2022mir,
  title={MiR-103-3p promotes hepatic steatosis to aggravate nonalcoholic fatty liver disease by targeting of ACOX1},
  author={Ding, Jiexia and Xia, Caixia and Cen, Panpan and Li, Siying and Yu, Lifei and Zhu, Jing and Jin, Jie},
  journal={Molecular Biology Reports},
  volume={49},
  number={8},
  pages={7297--7305},
  year={2022},
  publisher={Springer}
}

@article{chu2022microrna,
  title={microRNA-103a-3p promotes inflammation and fibrosis in nonalcoholic fatty liver disease by targeting HBP1},
  author={Chu, Kaifeng and Gu, Jie},
  journal={Immunopharmacology and Immunotoxicology},
  volume={44},
  number={6},
  pages={993--1003},
  year={2022},
  publisher={Taylor \& Francis}
}
@article{wang2019mir,
  title={miR-222 targets ACOX1, promotes triglyceride accumulation in hepatocytes},
  author={Wang, Jing-Jie and Zhang, Yi-Tong and Tseng, Yu Jen and Zhang, Jun},
  journal={Hepatobiliary \& Pancreatic Diseases International},
  volume={18},
  number={4},
  pages={360--365},
  year={2019},
  publisher={Elsevier}
}

@article{xu2022circrna608,
  title={CircRNA608-microRNA222-PINK1 axis regulates the mitophagy of hepatic stellate cells in NASH related fibrosis},
  author={Xu, Zi-Xin and Li, Jing-Ze and Li, Qin and Xu, Ming-Yi and Li, Hui-Yi},
  journal={Biochemical and Biophysical Research Communications},
  volume={610},
  pages={35--42},
  year={2022},
  publisher={Elsevier}
}
@article{sun2022obesity,
  title={Obesity-induced miR-802 directly targets AMPK and promotes nonalcoholic steatohepatitis in mice},
  author={Sun, Hao and Seok, Sunmi and Jung, Hyunkyung and Kemper, Byron and Kemper, Jongsook Kim},
  journal={Molecular metabolism},
  volume={66},
  pages={101603},
  year={2022},
  publisher={Elsevier}
}

@article{gong2018mirna,
  title={MiRNA-17 encoded by the miR-17-92 cluster increases the potential for steatosis in hepatoma cells by targeting CYP7A1},
  author={Gong, Ruijie and Lv, Xiaofei and Liu, Fengqiong},
  journal={Cellular \& Molecular Biology Letters},
  volume={23},
  pages={1--11},
  year={2018},
  publisher={Springer}
}
@article{liu2020downregulated,
  title={Downregulated microRNA-130b-5p prevents lipid accumulation and insulin resistance in a murine model of nonalcoholic fatty liver disease},
  author={Liu, Xiaonan and Chen, Shuhong and Zhang, Lanju},
  journal={American Journal of Physiology-Endocrinology and Metabolism},
  volume={319},
  number={1},
  pages={E34--E42},
  year={2020},
  publisher={American Physiological Society Bethesda, MD}
}

@article{li2020mir,
  title={miR-146a improves hepatic lipid and glucose metabolism by targeting MED1},
  author={Li, Kun and Zhao, Bao and Wei, Diandian and Wang, Wenrui and Cui, Yixuan and Qian, Lisheng and Liu, Guodong},
  journal={International Journal of Molecular Medicine},
  volume={45},
  number={2},
  pages={543--555},
  year={2020},
  publisher={Spandidos Publications}
}
@article{du2015mir,
  title={MiR-146a-5p suppresses activation and proliferation of hepatic stellate cells in nonalcoholic fibrosing steatohepatitis through directly targeting Wnt1 and Wnt5a},
  author={Du, Jinghua and Niu, Xuemin and Wang, Yang and Kong, Lingbo and Wang, Rongqi and Zhang, Yuguo and Zhao, Suxian and Nan, Yuemin},
  journal={Scientific reports},
  volume={5},
  number={1},
  pages={16163},
  year={2015},
  publisher={Nature Publishing Group UK London}
}

@article{dai2019microrna,
  title={MicroRNA-30b regulates insulin sensitivity by targeting SERCA2b in non-alcoholic fatty liver disease},
  author={Dai, Li-Li and Li, Shu-De and Ma, Yi-Cheng and Tang, Jun-Rui and Lv, Jun-Yan and Zhang, Yuan-Qing and Miao, Ying-Lei and Ma, Yan-Qiong and Li, Chun-Mei and Chu, Yi-You and others},
  journal={Liver International},
  volume={39},
  number={8},
  pages={1504--1513},
  year={2019},
  publisher={Wiley Online Library}
}
@article{xu2021endoplasmic,
  title={An Endoplasmic Reticulum Stress--MicroRNA-26a Feedback Circuit in NAFLD},
  author={Xu, Haixia and Tian, Yan and Tang, Dongmei and Zou, Sailan and Liu, Geng and Song, Jiulin and Zhang, Guixiang and Du, Xiao and Huang, Wei and He, Bin and others},
  journal={Hepatology},
  volume={73},
  number={4},
  pages={1327--1345},
  year={2021},
  publisher={LWW}
}

@article{hanin2018mirna,
  title={miRNA-132 induces hepatic steatosis and hyperlipidaemia by synergistic multitarget suppression},
  author={Hanin, Geula and Yayon, Nadav and Tzur, Yonat and Haviv, Rotem and Bennett, Estelle R and Udi, Shiran and Krishnamoorthy, Yoganathan R and Kotsiliti, Eleni and Zangen, Rivka and Efron, Ben and others},
  journal={Gut},
  volume={67},
  number={6},
  pages={1124--1134},
  year={2018},
  publisher={BMJ Publishing Group}
}
@article{wang2020suppression,
  title={Suppression of miR-30a-3p attenuates hepatic steatosis in non-alcoholic fatty liver disease},
  author={Wang, De-Run and Wang, Bing and Yang, Ming and Liu, Zhen-lu and Sun, Jing and Wang, Yan and Sun, Hui and Xie, Liang-Jun},
  journal={Biochemical genetics},
  volume={58},
  pages={691--704},
  year={2020},
  publisher={Springer}
}




@article{azzimato2021hepatic,
  title={Hepatic miR-144 drives fumarase activity preventing NRF2 activation during obesity},
  author={Azzimato, Valerio and Chen, Ping and Barreby, Emelie and Morgantini, Cecilia and Levi, Laura and Vankova, Ana and Jager, Jennifer and Sulen, André and Diotallevi, Marina and Shen, Joanne X and others},
  journal={Gastroenterology},
  volume={161},
  number={6},
  pages={1982--1997},
  year={2021},
  publisher={Elsevier}
}

@article{winter2009many,
  title={Many roads to maturity: microRNA biogenesis pathways and their regulation},
  author={Winter, Julia and Jung, Stephanie and Keller, Sarina and Gregory, Richard I and Diederichs, Sven},
  journal={Nature cell biology},
  volume={11},
  number={3},
  pages={228--234},
  year={2009},
  publisher={Nature Publishing Group UK London}
}

@article{liu2015micro,
  title={Micro-managers of hepatic lipid metabolism and NAFLD},
  author={Liu, Wei and Cao, Hongchao and Yan, Jun and Huang, Ruimin and Ying, Hao},
  journal={Wiley Interdisciplinary Reviews: RNA},
  volume={6},
  number={5},
  pages={581--593},
  year={2015},
  publisher={Wiley Online Library}
}



@misc{chrysavgis2024nafld,
  title={From NAFLD to MASLD: what does it mean?},
  author={Chrysavgis, Lampros and Cholongitas, Evangelos},
  journal={Expert Review of Gastroenterology \& Hepatology},
  volume={18},
  number={6},
  pages={217--221},
  year={2024},
  publisher={Taylor \& Francis}
}

@article{cotter2020nonalcoholic,
  title={Nonalcoholic fatty liver disease 2020: the state of the disease},
  author={Cotter, Thomas G and Rinella, Mary},
  journal={Gastroenterology},
  volume={158},
  number={7},
  pages={1851--1864},
  year={2020},
  publisher={Elsevier}
}

@article{carpi2024recent,
  title={Recent Advances in miRNA-Based Therapy for MASLD/MASH and MASH-Associated HCC},
  author={Carpi, Sara and Daniele, Simona and de Almeida, Jacqueline F{\'a}tima Martins and Gabbia, Daniela},
  journal={International Journal of Molecular Sciences},
  volume={25},
  number={22},
  pages={12229},
  year={2024},
  publisher={MDPI}
}

@article{jin2012transition,
  title={Transition from hepatic steatosis to steatohepatitis: unique microRNA patterns and potential downstream functions and pathways},
  author={Jin, Xi and Chen, Yi-peng and Kong, Mei and Zheng, Lin and Yang, Yi-da and Li, You-ming},
  journal={Journal of gastroenterology and hepatology},
  volume={27},
  number={2},
  pages={331--340},
  year={2012},
  publisher={Wiley Online Library}
}

@article{thomou2017adipose,
  title={Adipose-derived circulating miRNAs regulate gene expression in other tissues},
  author={Thomou, Thomas and Mori, Marcelo A and Dreyfuss, Jonathan M and Konishi, Masahiro and Sakaguchi, Masaji and Wolfrum, Christian and Rao, Tata Nageswara and Winnay, Jonathon N and Garcia-Martin, Ruben and Grinspoon, Steven K and others},
  journal={Nature},
  volume={542},
  number={7642},
  pages={450--455},
  year={2017},
  publisher={Nature Publishing Group UK London}
}

@article{heyn2020impact,
  title={The Impact of adipose tissue-derived mirnas in metabolic syndrome, obesity, and cancer. Front Endocrinol (Lausanne). 2020; 11: 563816},
  author={Heyn, GS and Correa, LH and Magalhaes, KG},
  journal={PubMed: https://pubmed. ncbi. nlm. nih. gov/33123088},
  year={2020}
}

@article{kurylowicz2021micrornas,
  title={microRNAs in human adipose tissue physiology and dysfunction},
  author={Kurylowicz, Alina},
  journal={Cells},
  volume={10},
  number={12},
  pages={3342},
  year={2021},
  publisher={MDPI}
}

@article{espin2014omics,
  title={‘OMICS-based’biomarkers for environmental health studies},
  author={Esp{\'\i}n-P{\'e}rez, Almudena and Krauskopf, Julian and de Kok, Theo M and Kleinjans, Jos C},
  journal={Current Environmental Health Reports},
  volume={1},
  pages={353--362},
  year={2014},
  publisher={Springer}
}

@article{pierouli2022role,
  title={Role of non-coding RNAs as biomarkers and the application of omics technologies in Alzheimer's disease},
  author={Pierouli, Katerina and Papakonstantinou, Eleni and Papageorgiou, Louis and Diakou, Io and Mitsis, Thanasis and Dragoumani, Konstantina and Spandidos, Demetrios A and Bacopoulou, Flora and Chrousos, George P and Goulielmos, George N and others},
  journal={International journal of molecular medicine},
  volume={51},
  number={1},
  pages={5},
  year={2022},
  publisher={DA Spandidos}
}

@article{quezada2017omics,
  title={Omics-based biomarkers: current status and potential use in the clinic},
  author={Quezada, Héctor and Guzmán-Ortiz, Ana Laura and Díaz-Sánchez, Hugo and Valle-Rios, Ricardo and Aguirre-Hernández, Jesús},
  journal={Boletín Médico Del Hospital Infantil de México (English Edition)},
  volume={74},
  number={3},
  pages={219--226},
  year={2017},
  publisher={Elsevier}
}

@article{odriozola2015discovery,
  title={Discovery of nutritional biomarkers: future directions based on omics technologies},
  author={Odriozola, Leticia and Corrales, Fernado J},
  journal={International journal of food sciences and nutrition},
  volume={66},
  number={sup1},
  pages={S31--S40},
  year={2015},
  publisher={Taylor \& Francis}
}

@article{ferreira2003identity,
  title={Identity by descent and candidate gene mapping of Richieri-Costa and Pereira syndrome},
  author={Ferreira de Lima, RLL and Moretti-Ferreira, Danilo and Richieri-Costa, Antonio and Murray, JC},
  journal={American Journal of Medical Genetics Part A},
  volume={122},
  number={1},
  pages={56--58},
  year={2003},
  publisher={Wiley Online Library}
}

@book{world2001biomarkers,
  title={Biomarkers in risk assessment: Validity and validation},
  author={World Health Organization and others},
  year={2001},
  publisher={World Health Organization}
}

@article{strimbu2010biomarkers,
  title={What are biomarkers?},
  author={Strimbu, Kyle and Tavel, Jorge A},
  journal={Current Opinion in HIV and AIDS},
  volume={5},
  number={6},
  pages={463--466},
  year={2010},
  publisher={LWW}
}

@article{biomarkers2001biomarkers,
  title={Biomarkers and surrogate endpoints: preferred definitions and conceptual framework},
  author={Biomarkers Definitions Working Group and Atkinson Jr, Arthur J and Colburn, Wayne A and DeGruttola, Victor G and DeMets, David L and Downing, Gregory J and Hoth, Daniel F and Oates, John A and Peck, Carl C and Schooley, Robert T and others},
  journal={Clinical pharmacology \& therapeutics},
  volume={69},
  number={3},
  pages={89--95},
  year={2001},
  publisher={Wiley Online Library}
}

@article{he2015current,
  title={Current state of circulating microRNAs as cancer biomarkers},
  author={He, Yuqing and Lin, Juanjuan and Kong, Danli and Huang, Mingyuan and Xu, Chengkai and Kim, Taek-Kyun and Etheridge, Alton and Luo, Yanhong and Ding, Yuanlin and Wang, Kai},
  journal={Clinical chemistry},
  volume={61},
  number={9},
  pages={1138--1155},
  year={2015},
  publisher={Oxford University Press}
}
@article{a2011micrornas,
  title={microRNAs in the regulation of adipogenesis and obesity},
  author={A. McGregor, R and S. Choi, M},
  journal={Current molecular medicine},
  volume={11},
  number={4},
  pages={304--316},
  year={2011},
  publisher={Bentham Science Publishers direct}
}

@article{gareev2020current,
  title={The current state of MiRNAs as biomarkers and therapeutic tools},
  author={Gareev, Ilgiz and Beylerli, Ozal and Yang, Guang and Sun, Jinxian and Pavlov, Valentin and Izmailov, Adel and Shi, Huaizhang and Zhao, Shiguang},
  journal={Clinical and experimental medicine},
  volume={20},
  pages={349--359},
  year={2020},
  publisher={Springer}
}

@article{vienberg2017micro,
  title={Micro RNA s in metabolism},
  author={Vienberg, Sara and Geiger, Julian and Madsen, S{\o}ren and Dalgaard, Louise Torp},
  journal={Acta physiologica},
  volume={219},
  number={2},
  pages={346--361},
  year={2017},
  publisher={Wiley Online Library}
}

@article{schwarzenbach2014clinical,
  title={Clinical relevance of circulating cell-free microRNAs in cancer},
  author={Schwarzenbach, Heidi and Nishida, Naohiro and Calin, George A and Pantel, Klaus},
  journal={Nature reviews Clinical oncology},
  volume={11},
  number={3},
  pages={145--156},
  year={2014},
  publisher={Nature Publishing Group UK London}
}

@inproceedings{roy2022therapeutic,
  title={Therapeutic strategies for miRNA delivery to reduce hepatocellular carcinoma},
  author={Roy, Bornika and Ghose, Sampa and Biswas, Subhrajit},
  booktitle={Seminars in Cell \& Developmental Biology},
  volume={124},
  pages={134--144},
  year={2022},
  organization={Elsevier}
}

@article{de2017microrna,
  title={MicroRNA deregulation in nonalcoholic steatohepatitis-associated liver carcinogenesis},
  author={de Conti, Aline and Ortega, Juliana Festa and Tryndyak, Volodymyr and Dreval, Kostiantyn and Moreno, Fernando Salvador and Rusyn, Ivan and Beland, Frederick A and Pogribny, Igor P},
  journal={Oncotarget},
  volume={8},
  number={51},
  pages={88517},
  year={2017},
  publisher={Impact Journals, LLC}
}

@article{brankovic2022lipotoxicity,
  title={Lipotoxicity as the leading cause of non-alcoholic steatohepatitis},
  author={Brankovic, Marija and Jovanovic, Igor and Dukic, Marija and Radonjic, Tijana and Opric, Svetlana and Klavsnja, Slobodan and Zdravkovic, Marija},
  journal={International Journal of Molecular Sciences},
  volume={23},
  number={9},
  pages={5146},
  year={2022},
  publisher={MDPI}
}

@article{tobaruela2024multipanel,
  title={Multipanel Approach including miRNAs, Inflammatory Markers, and Depressive Symptoms for Metabolic Dysfunction-Associated Steatotic Liver Disease Diagnosis during 2-Year Nutritional Intervention},
  author={Tobaruela-Resola, Ana Luz and Riezu-Boj, José I and Milagro, Fermin I and Mogna-Pelaez, Paola and Herrero, José I and Elorz, Mariana and Benito-Boillos, Alberto and Tur, Josep A and Martínez, J Alfredo and Abete, Itziar and others},
  journal={Nutrients},
  volume={16},
  number={11},
  pages={1547},
  year={2024},
  publisher={MDPI}
}

@article{roderburg2011micro,
  title={Micro-RNA profiling reveals a role for miR-29 in human and murine liver fibrosis},
  author={Roderburg, Christoph and Urban, Gerd-Willem and Bettermann, Kira and Vucur, Mihael and Zimmermann, Henning and Schmidt, Sabine and Janssen, J{\"o}rn and Koppe, Christiane and Knolle, Percy and Castoldi, Mirco and others},
  journal={Hepatology},
  volume={53},
  number={1},
  pages={209--218},
  year={2011},
  publisher={Wiley Online Library}
}

@article{liu2018mirnas,
  title={miRNAs in patients with non-alcoholic fatty liver disease: A systematic review and meta-analysis},
  author={Liu, Chang-Hai and Ampuero, Javier and Gil-G{\'o}mez, Antonio and Montero-Vallejo, Roc{\'\i}o and Rojas, {\'A}ngela and Mu{\~n}oz-Hern{\'a}ndez, Roc{\'\i}o and Gallego-Dur{\'a}n, Roc{\'\i}o and Romero-G{\'o}mez, Manuel},
  journal={Journal of hepatology},
  volume={69},
  number={6},
  pages={1335--1348},
  year={2018},
  publisher={Elsevier}
}
@article{yamada2013associations,
  title={Associations between circulating microRNAs (miR-21, miR-34a, miR-122 and miR-451) and non-alcoholic fatty liver},
  author={Yamada, Hiroya and Suzuki, Koji and Ichino, Naohiro and Ando, Yoshitaka and Sawada, Akira and Osakabe, Keisuke and Sugimoto, Keiko and Ohashi, Koji and Teradaira, Ryouji and Inoue, Takashi and others},
  journal={Clinica chimica acta},
  volume={424},
  pages={99--103},
  year={2013},
  publisher={Elsevier}
}

@article{liu2016disease,
  title={Disease-specific miR-34a as diagnostic marker of non-alcoholic steatohepatitis in a Chinese population},
  author={Liu, Xiao-Lin and Pan, Qin and Zhang, Rui-Nan and Shen, Feng and Yan, Shi-Yan and Sun, Chao and Xu, Zheng-Jie and Chen, Yuan-Wen and Fan, Jian-Gao},
  journal={World journal of gastroenterology},
  volume={22},
  number={44},
  pages={9844},
  year={2016},
  publisher={Baishideng Publishing Group Inc}
}

@article{lin2020emerging,
  title={The emerging role of microRNAs in NAFLD: highlight of microRNA-29a in modulating oxidative stress, inflammation, and beyond},
  author={Lin, Hung-Yu and Yang, Ya-Ling and Wang, Pei-Wen and Wang, Feng-Sheng and Huang, Ying-Hsien},
  journal={Cells},
  volume={9},
  number={4},
  pages={1041},
  year={2020},
  publisher={MDPI}
}

@article{catanzaro2021tissue,
  title={Tissue and circulating microRNAs as biomarkers of response to obesity treatment strategies},
  author={Catanzaro, G and Filardi, T and Sabato, C and Vacca, A and Migliaccio, S and Morano, S and Ferretti, E},
  journal={Journal of endocrinological investigation},
  volume={44},
  pages={1159--1174},
  year={2021},
  publisher={Springer}
}

@article{tobaruela2024circulating,
  title={Circulating miR-122-5p, miR-151a-3p, miR-126-5p and miR-21-5p as potential predictive biomarkers for Metabolic Dysfunction-Associated Steatotic Liver Disease assessment},
  author={Tobaruela-Resola, Ana Luz and Milagro, Fermín I and Elorz, Mariana and Benito-Boillos, Alberto and Herrero, José I and Mogna-Peláez, Paola and Tur, Josep A and Martínez, J Alfredo and Abete, Itziar and Zulet, M Ángeles},
  journal={Journal of physiology and biochemistry},
  pages={1--14},
  year={2024},
  publisher={Springer}
}

@article{gjorgjieva2019mirnas,
  title={miRNAs and NAFLD: from pathophysiology to therapy},
  author={Gjorgjieva, Monika and Sobolewski, Cyril and Dolicka, Dobrochna and de Sousa, Marta Correia and Foti, Michelangelo},
  journal={Gut},
  volume={68},
  number={11},
  pages={2065--2079},
  year={2019},
  publisher={BMJ Publishing Group}
}

@article{dongiovanni2018mirna,
  title={miRNA signature in NAFLD: a turning point for a non-invasive diagnosis},
  author={Dongiovanni, Paola and Meroni, Marica and Longo, Miriam and Fargion, Silvia and Fracanzani, Anna Ludovica},
  journal={International journal of molecular sciences},
  volume={19},
  number={12},
  pages={3966},
  year={2018},
  publisher={MDPI}
}

@article{dongiovanni2018mirna,
  title={miRNA signature in NAFLD: a turning point for a non-invasive diagnosis},
  author={Dongiovanni, Paola and Meroni, Marica and Longo, Miriam and Fargion, Silvia and Fracanzani, Anna Ludovica},
  journal={International journal of molecular sciences},
  volume={19},
  number={12},
  pages={3966},
  year={2018},
  publisher={MDPI}
}

@article{szabo2016role,
  title={Role of MicroRNAs in NAFLD/NASH},
  author={Szabo, Gyongyi and Csak, Timea},
  journal={Digestive diseases and sciences},
  volume={61},
  pages={1314--1324},
  year={2016},
  publisher={Springer}
}

@article{riaz2021inhibition,
  title={Inhibition of miR-188-5p alleviates hepatic fibrosis by significantly reducing the activation and proliferation of HSCs through PTEN/PI3K/AKT pathway},
  author={Riaz, Farooq and Chen, Qian and Lu, Kaikai and Osoro, Ezra Kombo and Wu, Litao and Feng, Lina and Zhao, Rong and Yang, Luyun and Zhou, Yimeng and He, Yingli and others},
  journal={Journal of cellular and molecular medicine},
  volume={25},
  number={8},
  pages={4073--4087},
  year={2021},
  publisher={Wiley Online Library}
}

@article{ramadan2022hepatoprotective,
  title={The hepatoprotective effects of n3-polyunsaturated fatty acids against non-alcoholic fatty liver disease in diabetic rats through the FOXO1/PPAR$\alpha$/GABARAPL1 signalling pathway},
  author={Ramadan, Nehal M and Elmasry, Khaled and Elsayed, Hassan Reda Hassan and El-Mesery, Ahmed and Eraky, Salma M},
  journal={Life sciences},
  volume={311},
  pages={121145},
  year={2022},
  publisher={Elsevier}
}